1884 2998
588 98 646 134 De
670 101 796 134 statu
819 100 994 134 animae
1024 98 1085 134 ΙΙΙ
1110 100 1163 134 16.
1547 99 1629 143 187

662 224 700 266 9.
734 225 802 266 De
839 236 1100 266 mensura.

182 327 293 369 Item
322 327 537 380 longitudo
569 325 748 367 latitudo
779 329 820 367 et
850 326 1029 368 altitudo
1060 326 1103 368 in
1136 338 1302 380 corpore
1324 329 1423 369 sunt
1445 330 1487 370 et
1508 329 1629 382 quid-

120 395 223 449 -quid
254 395 364 437 hisee
397 397 508 437 caret
548 405 694 447 corpus
734 406 814 435 non
853 396 926 445 est,
966 394 1080 435 hisce
1120 395 1259 436 autem
1302 398 1412 437 caret
1443 396 1626 438 animus:

126 475 274 517 eorpus
304 464 434 517 igitur
463 475 544 505 non
575 464 650 504 est.

94 614 114 641 5
513 599 578 641 10.
610 600 678 640 De
709 600 888 641 dextro
929 600 979 641 et
1010 599 1247 641 sinistro.

183 701 384 743 Dextrum
425 702 654 751 sinistrum,
697 715 862 744 sursum
897 704 1101 757 deorsum,
1134 704 1317 745 anterius
1349 707 1389 745 et
1420 704 1626 757 posterius

124 770 166 810 in
200 771 312 811 omni
342 772 437 811 sunt
469 782 648 824 corpore,
680 771 723 812 in
755 771 870 813 nulla
900 774 1040 813 autem
1070 773 1167 813 sunt
1197 772 1356 814 anima:
1388 772 1628 825 incorporea

124 838 254 891 igitur
284 838 416 880 omnis
448 840 512 881 est
542 839 692 881 anima.

182 918 245 960 En
277 930 487 972 quousque
512 931 560 960 ex
581 919 692 960 omni
715 919 879 961 scilieet
901 919 1233 972 disputationum
1255 921 1490 961 nostrarum
1509 922 1627 974 parte

77 1005 111 1030 ιο
125 987 401 1029 contraximus
433 986 634 1040 quidquid
665 989 751 1029 toto
783 1000 901 1040 opere
933 987 1069 1030 moliti
1100 1000 1252 1037 sumus,
1296 988 1487 1041 quoniam
1522 988 1630 1041 quod

124 1056 222 1097 istie
254 1068 376 1108 quam
409 1055 655 1098 breuissime
687 1056 1056 1109 recapitulauimus
1097 1057 1179 1097 nisi
1219 1055 1456 1109 praemissis
1487 1056 1628 1108 dispu-

124 1124 356 1166 tationibus
395 1124 484 1166 fieri
520 1124 735 1178 probabile
765 1136 847 1166 non
879 1124 1028 1178 quiuit‚
1062 1137 1313 1177 quamquam
1342 1124 1377 1166 si
1416 1125 1629 1177 negotium

125 1195 287 1235 tantum
332 1194 515 1235 adsertor
555 1193 724 1236 idoneus
770 1197 945 1236 nanctus
993 1195 1113 1247 esset,
1157 1206 1238 1236 non
1290 1193 1413 1235 sicuti
1464 1194 1629 1248 egomet

124 1261 371 1315 dignitatem
413 1274 561 1304 causae
602 1262 824 1304 admodum
876 1262 1010 1316 inpari
1051 1263 1233 1304 oratione
1280 1262 1628 1304 dehonorauisset.

73 1345 108 1371 15
124 1342 256 1382 neque
302 1342 398 1371 uero
443 1330 531 1382 ipse
576 1331 788 1383 aliquanto
829 1330 956 1372 latius
997 1331 1275 1384 prolixiusque
1316 1330 1424 1372 hanc
1456 1331 1628 1373 eandem

124 1398 404 1450 quaestionem
435 1399 594 1452 agitare
625 1411 705 1440 non
737 1400 865 1452 potui.
918 1411 1063 1441 uerum
1095 1399 1257 1440 seilicet
1288 1411 1363 1452 par
1392 1398 1473 1440 fuit
1494 1399 1628 1452 quoad

125 1467 385 1508 aduersarius
406 1467 530 1508 reniti
551 1467 688 1508 ualuit
709 1479 754 1509 eo
777 1480 905 1521 usque
942 1467 1134 1521 proeliari
1174 1471 1245 1509 aut
1267 1468 1400 1520 quoad
1422 1468 1463 1508 in
1486 1467 1628 1521 fugam

123 1534 245 1576 cessit
283 1536 448 1590 tergum
490 1536 682 1588 praebere
715 1538 755 1578 et
785 1549 911 1578 mauu
943 1538 1111 1590 captum
1142 1536 1349 1589 plumbeis
1379 1536 1628 1590 pugionibus

124 1616 345 1647 exarmare.
397 1605 572 1646 ulterius
612 1616 730 1658 porro
772 1605 965 1658 progredi
1008 1610 1048 1646 et
1078 1605 1120 1646 in
1152 1617 1270 1647 auras
1309 1604 1396 1646 tela
1426 1605 1556 1646 iacere
1587 1607 1629 1645 et

73 1686 112 1712 *ao
125 1671 214 1713 sine
255 1672 372 1714 hoste
412 1685 595 1727 pugnare
636 1685 755 1715 cassa
796 1673 1007 1716 eontentio
1047 1676 1110 1715 est
1140 1674 1182 1715 et
1210 1673 1366 1716 uirium
1401 1674 1628 1725 frustrati0‚

124 1741 231 1794 quod
263 1741 324 1783 ita
353 1741 431 1783 erit
461 1741 743 1796 ingloriosum,
775 1745 821 1784 ut
852 1742 1162 1786 inlaboriosum.

193 1944 214 1978 2
251 1946 287 1979 et
323 1955 390 1980 om.
427 1945 620 1979 ABDEF
765 1946 787 1980 5
823 1945 974 1979 sinixtro
1012 1945 1060 1979 M
1207 1945 1228 1979 6
1265 1945 1457 1979 sinixtrum
1494 1944 1538 1979 M

124 2013 147 2047 9
178 2013 234 2058 en]
270 2016 304 2047 et
339 2013 493 2048 BDEF
628 2014 671 2048 10
706 2014 925 2048 conteximus
966 2014 996 2049 C
1129 2013 1216 2058 quid
1248 2013 1279 2048 0
1412 2012 1504 2057 quod
1537 2012 1627 2056 Seh„

123 2091 213 2126 quae
237 2082 324 2116 libri
347 2086 380 2117 et
405 2083 425 2117 b
562 2083 601 2117 11
637 2083 756 2128 quam]
783 2093 862 2117 cum
886 2083 940 2124 B,
983 2093 1049 2117 om.
1074 2082 1193 2117 DEF
1328 2081 1628 2126 disputauerimus

123 2151 165 2193 ρ’
305 2151 346 2184 13
383 2153 529 2185 tantum
565 2161 630 2185 om.
669 2151 861 2186 ABDEF
995 2151 1144 2185 nallctus
1181 2150 1238 2192 H,
1286 2151 1413 2184 nactus
1450 2148 1633 2185 DEFLS

123 2229 282 2265 editores
419 2231 464 2265 14
495 2212 742 2265 honerauisset
772 2230 803 2265 S
936 2231 980 2265 16
1012 2241 1080 2275 quo
1112 2229 1234 2272 ΑΘΒ,
1273 2229 1367 2274 quod
1391 2228 1436 2263 ad
1460 2229 1534 2264 Mb

125 2298 168 2333 17
206 2299 426 2334 aduersarios
462 2298 776 2335 ABCGH¹MRb
915 2309 983 2343 quo
1023 2299 1058 2334 G
1076 2298 1173 2342 Sch.,
1211 2309 1278 2333 om.
1314 2297 1350 2332 R
1487 2298 1523 2331 in
1560 2307 1626 2331 om.

129 2377 200 2413 OG
338 2379 380 2413 19
417 2389 502 2412 aura
539 2378 574 2413 L
711 2355 866 2434 auras&
894 2378 938 2421 S,
978 2379 1059 2413 auia
1097 2377 1204 2413 stella
1239 2377 1276 2412 R
1413 2376 1459 2410 20
1494 2375 1626 2410 conitio

127 2457 163 2493 G
299 2458 342 2492 21
369 2457 550 2502 inglosum
576 2458 667 2500 Mb,
707 2458 903 2502 inglorium
928 2458 1007 2492 rell.
1034 2461 1068 2492 et
1093 2457 1175 2492 θοὴ.
1308 2457 1349 2489 ut
1372 2454 1627 2490 inlaboriosum

127 2525 174 2568 G,
214 2529 250 2561 et
274 2526 534 2561 iulaboriosum
565 2526 609 2569 0,
651 2527 692 2560 ut
716 2525 932 2560 laboriosum
956 2526 1034 2560 rell.
1060 2528 1094 2559 et
1119 2524 1198 2559 Sch-
