1884 2998
800 90 1028 136 Epistula..
1632 96 1661 138 5

156 228 227 259 ore
252 217 460 268 nascatur,
492 227 594 258 uoce
615 228 704 258 esse
724 216 931 270 posterius
952 230 1033 259 non
1056 218 1269 271 probatur.
1316 221 1424 274 ignis
1446 221 1488 262 et
1507 223 1656 264 caloris

157 284 338 327 indiuisa
383 284 579 326 societas:
625 284 698 326 sed
738 297 832 327 cum
881 285 993 327 calor
1035 286 1319 330 indubitanter
1356 302 1402 330 ex
1440 290 1534 346 igne
1571 303 1658 333 esse

157 353 438 408 intellegatur,
471 355 614 395 tamen
639 352 747 407 ignis
770 365 1032 406 nequaquam
1054 355 1188 396 calore
1208 368 1280 397 suo
1302 357 1412 410 prior
1434 370 1521 399 esse
1542 358 1657 400 dino-

158 422 300 464 scitur.
352 433 441 463 ecce
473 434 574 470 rem,
615 433 719 474 quae
753 423 947 463 exsistere
979 423 1144 465 uidetur
1169 436 1215 465 ex
1246 424 1331 478 illa,
1365 427 1406 466 et
1436 428 1575 468 tamen
1607 428 1657 479 ei,

126 490 206 532 ede
238 502 317 544 qua
348 490 523 538 exsistit,
555 490 642 531 sine
672 489 761 531 ulla
791 491 989 543 temporis
1019 491 1311 534 intercessione
1342 494 1560 536 coniuncta
1584 496 1658 538 est.

214 570 319 612 Cum
351 573 493 612 autem
524 572 574 612 ad
606 572 729 612 deum
760 571 965 623 uenimus,
1000 571 1075 613 hoc
1098 574 1161 613 est
1182 575 1361 626 genitus,
1394 573 1500 626 quod
1521 574 1656 617 iustus

155 641 196 680 et
237 638 411 689 iustitia,
452 639 617 691 sapiens
657 642 698 680 et
738 639 957 692 sapientia,
1001 639 1232 681 misericors
1274 643 1313 681 et
1361 641 1653 684 misericordia.

154 708 343 749 absolute
374 720 420 748 ex
452 709 524 748 deo
557 707 664 748 iusto
697 709 818 760 atque
850 708 1035 760 sapiente
1056 709 1282 750 secundum
1304 710 1536 762 apostolum
1557 711 1654 752 oriri

154 776 440 830 intellegimus
487 776 695 818 iustitiam
734 779 858 830 atque
898 777 1158 829 sapientiam,
1201 779 1240 817 et
1282 777 1388 818 sicut
1426 790 1650 831 numquam

108 860 141 886 ιο
154 846 286 886 iustus
323 845 409 886 sine
446 843 624 895 iustitia,
657 857 883 898 numquam
914 845 1078 898 sapiens
1118 846 1204 886 sine
1235 846 1438 899 sapientia
1469 846 1561 898 fuit,
1594 850 1654 888 ita

152 913 264 955 filius
296 926 343 954 ex
372 914 502 966 pat-re,
535 913 604 954 sed
637 925 864 966 numquam
895 912 1055 969 (pater)
1085 914 1221 967 potuit
1253 926 1338 956 esse
1368 915 1455 956 sine
1485 914 1583 956 filio.

210 993 379 1046 Absque
410 994 534 1035 dubio
558 993 703 1035 Ariani
725 993 975 1035 saluatorem
999 995 1186 1035 nostrum
1209 1006 1360 1048 negare
1383 1007 1462 1036 non
1484 996 1649 1043 audent,

153 1061 224 1104 sed
263 1062 364 1103 dum
403 1062 606 1104 minorem
647 1062 804 1110 dicunt,
837 1062 957 1104 deum
990 1062 1179 1104 adserere
1211 1075 1291 1104 non
1322 1064 1504 1116 possunt.
1557 1065 1657 1105 deus

153 1130 264 1172 enim
310 1131 556 1172 naturaliter
603 1131 877 1184 plenitudinis
928 1130 1133 1185 dignitate
1179 1131 1381 1180 subsistit,
1430 1132 1471 1173 et
1515 1143 1654 1173 eorum

106 1199 327 1253 1⁵inpietas
357 1212 488 1241 unum
519 1212 561 1241 se
594 1199 716 1241 deum
748 1199 880 1242 colere
910 1200 1045 1253 prima
1067 1199 1320 1242 confessione
1343 1200 1533 1242 testatur.
1584 1200 1655 1242 sed

152 1269 247 1321 quia
292 1269 507 1322 iuniorem,
556 1281 626 1322 per
667 1281 774 1319 eum,
814 1269 886 1322 qui
923 1269 1096 1321 putatur
1135 1268 1283 1319 senior,
1329 1268 1429 1310 duos
1475 1268 1575 1310 facit
1615 1271 1656 1310 et

151 1336 406 1378 soliditatem
427 1336 602 1378 unitatis
624 1337 859 1379 intersecat.
895 1349 987 1379 nam
1022 1337 1160 1390 ipsum
1192 1348 1341 1378 nomen
1362 1337 1532 1378 minoris
1553 1337 1657 1379 alte-

151 1418 258 1454 rum,
300 1406 370 1459 qui
406 1406 480 1446 illo
511 1406 568 1447 sit
597 1408 741 1456 maior,
775 1406 970 1447 ostendit.
1025 1406 1118 1459 quis
1149 1406 1221 1447 illo
1252 1406 1474 1459 antiquior,
1506 1405 1575 1459 qui
1606 1407 1655 1448 de

150 1474 303 1527 seipse
323 1474 585 1528 pronuntiat:
618 1486 708 1527 ego
740 1486 850 1515 sum
881 1477 921 1515 A
955 1476 1004 1516 et
1033 1475 1089 1527 Ω,
1121 1475 1318 1527 primus
1352 1475 1401 1515 et
1431 1473 1654 1516 nouissi-

102 1555 281 1592 20mus,
329 1542 400 1596 qui
443 1554 468 1584 a
511 1542 675 1584 Iudaeis
707 1544 797 1596 quis
844 1543 954 1584 esset
997 1543 1277 1597 interrogatus
1322 1542 1383 1583 ita
1426 1542 1656 1596 respondit:

150 1610 475 1665 principium
521 1612 655 1664 quod
700 1613 750 1653 et
793 1611 977 1665 loquor
1022 1611 1196 1661 uobis,
1246 1611 1315 1664 qui
1357 1610 1538 1653 ueridica
1582 1622 1654 1663 per

148 1680 394 1734 prophetam
415 1691 515 1722 uoce
536 1680 772 1722 confirmat:
794 1681 915 1723 ante
945 1692 1021 1722 me
1051 1691 1145 1721 non
1176 1679 1285 1721 fuit
1316 1681 1441 1722 deus
1471 1681 1655 1733 etpost

150 1761 224 1791 me
266 1761 365 1790 non
406 1749 543 1791 erit?
589 1749 625 1791 si
661 1751 780 1803 pater
818 1749 896 1791 hoc
934 1749 1046 1800 dicit,
1088 1748 1328 1790 inferiorem
1364 1749 1458 1802 post
1496 1758 1538 1789 se
1578 1757 1655 1788 non

150 1819 331 1871 coepisse
363 1818 593 1869 confirmat,
632 1818 668 1860 si
696 1818 820 1869 filius,
857 1821 952 1860 ante
973 1830 1015 1860 se
1038 1817 1206 1872 penitus
1229 1829 1308 1859 non
1330 1816 1454 1858 fuisse
1476 1827 1656 1870 pronun-

102 1887 243 1931 25tiat.
297 1887 346 1929 de
384 1887 459 1928 hoc
497 1887 762 1940 propheticus
803 1899 936 1929 sermo
976 1885 1189 1928 euidenter
1225 1885 1432 1927 insinuat:
1462 1884 1546 1925 hic
1577 1884 1655 1925 est

289 2039 331 2074 19
364 2038 458 2073 Esai.
492 2039 548 2081 44,
573 2041 594 2074 6
604 2053 612 2081 ;
661 2040 768 2084 Apoc.
802 2040 834 2082 1,
860 2040 882 2074 8
1020 2038 1061 2072 21
1097 2038 1218 2073 Ioann.
1249 2038 1280 2080 8,
1305 2037 1348 2072 25
1486 2035 1531 2070 22
1562 2034 1654 2070 Esai.

147 2096 205 2139 43,
232 2096 275 2131 10
414 2097 457 2131 25
483 2097 565 2131 Bar.
589 2097 624 2138 3,
649 2096 694 2131 36

220 2241 236 2274 1
276 2241 442 2274 nascatur
477 2239 623 2283 scripsi,
674 2239 832 2273 nascitur
868 2238 904 2272 Z
1038 2237 1163 2271 caloris
1199 2235 1350 2279 scripsi,
1399 2233 1495 2268 calor
1529 2232 1566 2267 Z

147 2297 170 2331 4
194 2306 233 2331 ex
257 2296 334 2342 illa]
361 2296 468 2331 exilia
492 2297 528 2330 Z
663 2297 703 2331 11
730 2297 830 2340 pater
855 2294 996 2335 addidi,
1035 2304 1100 2328 om.
1126 2292 1161 2327 Z
1296 2291 1339 2325 12
1369 2290 1500 2325 arriani
1530 2288 1565 2324 Z

148 2353 192 2388 16
215 2354 300 2398 quia
324 2354 527 2396 Hartelius,
569 2354 630 2398 qui
655 2353 692 2387 Z
804 2356 889 2397 post
915 2353 1090 2386 iuniorem
1115 2360 1191 2384 uox
1211 2348 1343 2383 adserit
1359 2347 1417 2382 uel
1432 2346 1547 2381 simile
1563 2344 1652 2390 quid

147 2412 322 2447 excidisse
366 2412 534 2454 uidetur,
579 2411 654 2446 nisi
699 2411 795 2453 forte
836 2421 882 2445 eae
921 2408 1216 2445 antecedentibus
1262 2406 1349 2440 dicit
1397 2404 1456 2439 uel
1495 2404 1652 2438 testatur

146 2473 310 2513 ‘repetere
341 2469 569 2513 probabilius
602 2472 653 2504 est
791 2468 832 2502 19
866 2479 902 2501 se
932 2477 975 2502 esc
1006 2476 1079 2500 esse
1112 2465 1147 2499 Z
1279 2463 1356 2506 ipso
1387 2461 1561 2496 canisius

147 2525 220 2560 alfa
257 2528 293 2560 et
328 2536 348 2560 o
384 2526 430 2567 Z,
480 2525 586 2570 alpha
621 2528 658 2559 et
695 2534 818 2568 omega
859 2523 1032 2559 Oanisius
1176 2519 1221 2554 20
1257 2529 1277 2553 a
1311 2516 1457 2562 scripsi,
1507 2526 1585 2550 cum
1622 2514 1656 2549 Z

153 2583 322 2619 Canisius
459 2582 572 2617 iudeis
603 2582 637 2616 Z
773 2580 853 2625 quis
884 2580 1029 2624 scripsi,
1069 2577 1130 2622 qui
1163 2577 1197 2611 Z
1211 2575 1380 2611 Canisius
1518 2582 1591 2606 esse
1620 2571 1654 2605 Z

148 2640 312 2684 (uidetur
347 2640 522 2675 librarius
554 2639 751 2675 coniuncta
780 2648 867 2673 uoce
898 2635 1130 2672 antecedente
1161 2633 1297 2678 quiesse
1328 2630 1558 2672 intellexisse)

146 2698 191 2732 21
216 2697 368 2733 uiridica
393 2698 427 2732 Z
563 2696 608 2731 24
632 2696 774 2741 penitus
799 2695 834 2730 Z
968 2693 1094 2728 fuisset
1118 2690 1287 2727 Ganisius
