1884 2998
536 117 772 152 uerborum
797 119 839 150 et
863 116 1154 151 locutionum.

135 243 305 277 articulos
336 245 538 287 temporum
567 242 708 287 signare
738 241 813 282 149,

136 289 168 323 9.
192 289 229 322 in
255 288 405 322 articulo
432 297 607 333 reposcere
632 286 688 330 23,
715 286 768 321 13.

65 333 254 369 artificiose
278 334 332 375 73,
357 333 390 368 3.

65 384 179 415 artum
216 378 468 423 disputationis
505 377 560 418 23,
591 376 646 412 19.
679 378 813 412 arctum
846 377 848 422 j

134 426 305 469 temporis
341 424 417 466 189,
452 423 492 458 11
534 427 698 468 (utroque
739 423 814 457 loco

132 470 212 504 sine
258 470 335 504 alla
382 468 658 514 orthoyraphiae
704 469 815 503 uaria

134 515 313 555 lectione).

65 570 126 595 arx
149 560 390 605 philosophiae
415 560 607 603 (Timaeus)
635 559 711 600 128,
738 558 768 594 1.

65 607 221 640 ascensio
247 605 322 647 147,
352 605 408 639 21.

65 661 229 686 ascensus
254 651 331 691 148,
362 650 393 685 1.

64 699 247 731 asomaton
272 695 493 740 (ἀσώματον)
518 694 593 737 106,
619 695 652 731 5.

65 744 244 787 aspernari
267 752 387 786 pacem
411 741 466 782 20,
495 741 549 776 10.
581 755 583 757 ·

67 787 282 831 astrologica
307 786 568 832 (ἂστρολογική)
592 785 647 828 81,
676 785 708 820 7.

67 834 243 867 astrorum
266 843 378 876 uagus
404 832 573 867 circuitus
600 831 676 874 149,
697 831 728 867 5.

66 878 259 923 asyndeta:
308 880 349 912 ut
393 888 475 912 suae
518 877 716 911 sententiae
756 877 812 911 ad-

133 925 335 968 quiescant,
376 923 521 957 sibimet
561 922 812 957 adsentiantur

134 969 189 1010 23,
215 969 247 1004 9.
295 970 479 1013 percontor
504 967 545 1003 de
568 969 727 1004 nomine:
750 979 812 1002 nec

134 1014 550 1104 ἱῗροὲἓῗωέθοοῗέἐξὲῧ
569 1012 810 1094 Ρὲἓὲἒέῗῃῖῒς

133 1105 446 1149 pe1·incatholicam
485 1105 704 1149 praeferebat
744 1105 811 1140 etsi

132 1152 239 1194 longe
262 1151 380 1194 inpari
404 1151 644 1195 disputatione
669 1152 807 1185 senten-

130 1196 237 1231 tiam:
274 1196 326 1231 ita
356 1207 460 1240 penes
491 1207 546 1230 me
570 1196 809 1230 ratiocinandi

134 1242 319 1276 leuitatem
356 1243 476 1286 grauis
508 1252 612 1276 causa
647 1242 811 1286 pensauit

133 1287 187 1327 24,
219 1287 272 1322 10.
321 1288 437 1322 anima
473 1289 565 1321 sicut
595 1297 655 1331 per
687 1297 810 1331 corpus

132 1333 244 1367 sentit
267 1332 320 1366 ita
337 1343 397 1377 per
413 1344 448 1367 se
474 1333 666 1377 intellegit,
693 1343 809 1367 eorum

131 1389 219 1423 quae
243 1378 447 1412 sentiuntur
465 1381 571 1422 atque
596 1378 811 1423 intellegun—
842 1376 845 1404 l

132 1425 192 1457 tur
225 1423 424 1458 substantia
456 1424 562 1468 longe
593 1423 733 1458 diuersa
757 1425 812 1457 est

134 1468 210 1511 172,
236 1468 267 1503 2.
309 1469 521 1503 inimitabili
546 1469 684 1514 eloquio
708 1479 807 1514 quae-

133 1514 221 1548 siuit
259 1515 400 1548 inuenit
439 1514 598 1559 prodidit
640 1514 715 1557 122,
755 1515 807 1549 16.

133 1560 266 1604 indaga
280 1560 461 1603 distingue
477 1560 670 1604 pronuntia
688 1560 762 1600 165,
779 1562 808 1595 5.

63 1605 102 1639 at
126 1604 181 1648 24,
208 1605 238 1640 1.
265 1606 318 1647 71,
344 1604 398 1639 21.
426 1605 501 1645 147,
527 1606 580 1640 18.
606 1606 681 1647 153,
699 1606 731 1640 5.
757 1605 809 1644 27,

132 1651 153 1685 9
178 1651 332 1695 (scripsi,
358 1654 392 1685 et
418 1651 527 1694 libri).
557 1652 595 1685 at
619 1651 649 1685 si
673 1651 730 1695 23,
759 1651 810 1685 18.

99 1739 102 1742 ἱ
131 1695 186 1738 40,
211 1696 266 1730 24.
291 1697 345 1736 58,
373 1696 425 1730 10.

64 1743 262 1776 atomorum
287 1742 425 1776 minuta
451 1743 526 1784 146,
551 1742 583 1776 9.

65 1788 187 1831 atque:
212 1787 266 1821 ita
291 1787 476 1822 concordat
495 1789 602 1832 atque
618 1787 649 1821 si
676 1786 752 1829 140,
777 1787 809 1822 5.

66 1833 142 1867 atra
167 1835 261 1877 (opp.
281 1833 516 1877 splendentia)
537 1833 611 1876 183,
634 1832 688 1868 13.
715 1833 809 1878 (opp.

131 1878 227 1920 alba)
254 1879 331 1921 173,
356 1879 387 1913 9.

66 1924 298 1958 attractionis
341 1924 521 1968 eoeempla:

134 1970 256 2003 ueniat
292 1970 329 2003 in
361 1972 515 2004 mentem
546 1969 680 2004 illius
707 1980 811 2014 quam

134 2014 342 2049 inurendam
366 2015 463 2049 ducis
482 2015 564 2049 aliis
590 2015 656 2049 alti
681 2015 809 2049 erroris

132 2060 365 2094 infamiam
386 2061 461 2102 106,
476 2059 530 2096 25.
555 2061 673 2094 utrius
688 2060 810 2095 malles

132 2105 202 2139 tibi
226 2106 362 2150 copiam
395 2106 546 2140 facerem
571 2106 648 2149 107,
673 2105 728 2140 26.
770 2106 810 2140 (16

132 2152 214 2185 utra
249 2152 362 2186 mauis
398 2151 625 2196 respondeam
665 2151 740 2193 179,
778 2152 808 2185 3.

132 2207 199 2241 quo
226 2197 320 2231 uoles
346 2197 556 2231 aduersante
582 2196 656 2239 120,
682 2196 736 2230 22.

65 2243 260 2276 auctoritas
284 2243 490 2287 euangelica
509 2242 584 2284 154,
602 2243 633 2277 9.
661 2243 809 2277 auctori-

132 2288 202 2321 tati
242 2288 413 2330 cedamus,
439 2288 500 2332 qui
524 2289 697 2322 rationem
721 2288 810 2322 forte

569 1934 702 1968 semper
742 1923 811 1957 tibi

132 2344 200 2367 non
225 2334 382 2377 capimus
407 2334 463 2374 89,
488 2333 511 2367 3
528 2334 680 2378 passim.

65 2379 215 2412 auersim
239 2379 294 2421 89,
320 2379 373 2413 12.

64 2426 255 2468 augmenta
280 2425 429 2468 recipere
454 2425 509 2467 28,
537 2424 570 2459 4.

63 2470 201 2503 anicula
228 2469 301 2511 146,
329 2470 381 2504 13.

63 2515 203 2548 auocari
227 2517 271 2549 ad
296 2526 457 2559 corporea
481 2516 536 2557 85,
564 2515 618 2549 21.

64 2569 168 2594 aurae
186 2560 392 2604 liquidiores
405 2562 495 2595 aeris
514 2561 590 2603 147,
608 2561 640 2595 6.
658 2560 694 2594 111
708 2571 811 2594 auras

130 2605 201 2639 tela
224 2610 337 2640 iacere
363 2606 436 2648 187,
464 2606 516 2640 19.

65 2652 160 2684 auris
185 2651 299 2685 cordis
323 2652 378 2693 97,
404 2653 434 2686 5.

64 2696 383 2776 ”⁸¹1¹{311mffiabffis
410 2696 557 2739 122,16.
589 2707 619 2732 a.
645 2695 812 2740 profanus

1544 117 1627 159 219

879 241 999 275 aut=
1013 250 1076 274 an:
1110 242 1173 274 aut
1195 251 1264 274 non
1297 250 1397 284 saepe
1420 251 1487 275 usu
1510 240 1627 275 euenit

948 285 1004 327 83,
1043 285 1085 319 15
1127 285 1204 328 (ubi
1236 286 1278 320 in
1308 285 1544 321 adnotatione
1582 297 1625 320 an

947 330 1129 374 suspicari
1145 340 1221 365 non
1235 330 1412 374 debebam,
1425 335 1503 366 eum
1515 331 1628 366 uaria

947 376 1049 411 lectio
1079 375 1133 419 ad,
1166 377 1204 410 at
1222 386 1295 419 pro
1326 378 1390 410 aut
1412 377 1628 411 sescentiens

946 421 987 501 ἓν,
1017 421 1196 456 Mamerti
1225 420 1404 456 codicibus
1431 420 1627 466 deprehen-

972 469 1084 508 atur).

879 512 997 547 autem
1020 522 1103 546 uero
1128 511 1205 554 198,
1234 510 1287 546 10.

879 556 1122 592 authenticus:
1166 557 1453 591 authenticorum
1495 558 1627 591 tracta-

947 604 1038 636 tores
1063 602 1118 644 25,
1144 602 1199 636 17.
1224 601 1430 637 anthcntica
1447 602 1628 636 uolumina

949 647 1026 690 143,
1052 647 1106 681 11.
1138 647 1214 689 145,
1246 647 1301 682 24.
1335 666 1375 672 --
1414 647 1626 681 authentici:

948 693 1042 727 sicut
1059 703 1079 726 a
1097 693 1317 737 philosophis
1334 692 1378 727 ad
1403 694 1627 733 tractatores,

948 737 997 773 sic
1020 749 1041 772 a
1065 738 1323 773 tractatoribus
1340 737 1386 772 ad
1404 738 1627 772 authenticos

946 783 1096 828 gradum
1121 783 1292 818 faciamus
1318 783 1396 826 138,
1422 783 1453 818 3.

877 830 1061 863 autumare
1099 829 1157 872 30,
1200 829 1231 863 7.
1278 830 1320 863 ut
1359 830 1504 863 autumo
1545 831 1626 870 (-as,

947 873 1119 954 -31311270,
1138 875 1169 908 2.
1196 874 1272 916 155,
1289 875 1321 909 5.
1347 873 1423 916 164,
1447 873 1575 915 4.170,
1592 874 1625 908 2.

877 965 1070 999 auxiliante
1095 964 1156 1000 deo
1182 965 1258 1007 193,
1288 965 1342 1001 10.

875 1083 1061 1137 Barbara:
1087 1101 1358 1147 grammaticam
1380 1100 1434 1135 uti
1452 1101 1627 1144 quandam

944 1151 1130 1186 barbaram
1154 1153 1302 1196 propelli
1331 1152 1407 1194 204,
1436 1150 1491 1186 23.

875 1195 1116 1232 barbarismus
1141 1197 1218 1238 204,
1244 1197 1298 1232 24.

875 1241 1097 1321 beatigicatur
1113 1243 1317 1287 angelorum
1335 1243 1530 1278 multitudo
1550 1243 1625 1285 167,

876 1332 1065 1412 566111ξὸἀῖ
1071 1333 1171 1413 l16245,
1203 1334 1257 1369 20.
1283 1335 1359 1369 loca
1384 1333 1617 1368 beatitudinis

1012 1404 1019 1420 ,
1092 1402 1100 1411 .
1172 1406 1180 1413 .

875 1423 998 1458 beatus
1023 1423 1065 1458 de
1089 1425 1228 1458 domino
1255 1424 1330 1465 147,
1359 1424 1410 1458 19.

876 1468 995 1503 bellua
1029 1470 1174 1513 (ubique
1209 1470 1388 1505 coniunct.
1426 1480 1504 1504 cam
1539 1481 1627 1504 uoce

945 1514 1065 1593 1710111ἱ1)
1090 1515 1146 1557 49,
1171 1516 1202 1550 8.
1227 1515 1283 1556 68,
1311 1516 1363 1551 19.
1392 1515 1466 1557 173,
1494 1515 1545 1550 12.
1579 1515 1625 1557 cf.

970 1561 999 1599 1,
1049 1560 1081 1594 5.

876 1605 1036 1640 belluina
1060 1605 1136 1639 uita
1161 1606 1214 1647 79,
1242 1606 1273 1640 7.
1302 1605 1350 1648 cf.
1377 1606 1453 1648 183,
1482 1606 1533 1641 15.

877 1650 964 1685 bene
1001 1650 1158 1685 conscius
1189 1652 1244 1692 25,
1277 1651 1330 1685 13.
1372 1651 1432 1695 qui
1464 1662 1533 1685 non
1558 1650 1627 1685 nisi

944 1696 1030 1730 bene
1043 1696 1208 1739 credenti,
1222 1697 1307 1730 bene
1321 1697 1476 1739 speranti
1492 1699 1526 1731 et
1541 1697 1628 1731 bene

946 1742 1129 1785 quaerenti
1153 1742 1297 1776 dabitur
1322 1742 1378 1783 95,
1403 1741 1455 1777 13.

875 1786 1025 1821 bestiale
1050 1787 1127 1828 204,
1153 1787 1207 1822 29.

878 1832 995 1877 biceps
1022 1833 1216 1876 prolocutio
1241 1833 1296 1874 35,
1323 1833 1376 1868 19.

877 1877 1043 1913 bifariam
1067 1877 1143 1920 205,
1169 1879 1223 1912 25.

878 1922 1123 1957 blandimenta
1146 1923 1387 1958 lenocinantia
1410 1923 1466 1965 23,
1492 1923 1524 1958 8.

879 1969 1058 2003 blanditer
1082 1968 1159 2010 184,
1190 1969 1241 2003 12.

876 2014 1094 2058 blasphemia
1121 2014 1196 2055 140,
1224 2014 1275 2048 12.

876 2059 1022 2094 botulus
1062 2059 1382 2103 (=intestinum):
1422 2059 1624 2093 botulorum

945 2105 1147 2139 inflexiones
1173 2105 1248 2147 175,
1280 2105 1311 2139 1.

876 2151 1055 2185 brachium
1080 2150 1136 2193 65,
1162 2151 1191 2184 1.

876 2196 993 2231 breuis
1018 2197 1195 2241 capacitas
1221 2195 1312 2230 cutis
1339 2195 1391 2238 74,
1418 2196 1449 2230 6.

877 2242 1066 2276 breuitatis
1091 2241 1210 2276 studio
1236 2241 1290 2282 99,
1314 2241 1347 2275 4.

878 2287 1033 2322 brumale
1058 2286 1174 2330 frigus
1201 2286 1253 2329 72,
1280 2286 1332 2321 19.

877 2333 1072 2368 brutescere
1098 2332 1173 2374 107,
1202 2332 1256 2366 23.

879 2490 1036 2544 Caecata
1053 2508 1175 2542 nubilo
1194 2507 1420 2552 ignorantiae
1440 2505 1626 2550 gentilitas

878 2558 1079 2638 caecfffft'ir}
1097 2603 1169 2643 174,
1195 2603 1227 2637 3.

878 2650 1024 2684 caelitus
1051 2649 1148 2682 edere
1175 2648 1268 2682 facta
1294 2646 1369 2687 122,
1395 2648 1425 2681 8.
1454 2658 1480 2681 c.
1507 2657 1625 2691 procu-

947 2705 1023 2728 rare
1065 2693 1139 2734 125,
1183 2695 1235 2727 11.
1273 2703 1301 2727 c.
1333 2692 1516 2727 deciduum
1556 2692 1626 2725 mel

946 2739 1023 2782 205,
1051 2739 1083 2773 9.
