1884 2998
587 106 646 140 De
671 107 798 140 statu
824 105 997 140 animae
1026 106 1064 141 ΙΙ
1090 106 1121 140 7.
1523 107 1604 150 125

105 232 257 274 iudicio
280 231 541 273 auctoritatis
564 232 751 282 utuntur,
775 232 844 272 sed
868 230 1024 272 uirtute
1046 232 1215 273 rationis
1238 232 1602 285 adminiculantur,

105 301 486 342 animaduertamus
530 299 694 352 praeter
739 299 929 340 natiuum
978 299 1181 341 humanae
1228 301 1377 342 mentis
1418 301 1604 354 uigorem

103 369 224 411 hasce
254 368 450 410 uidelicet
483 366 657 418 animas,
691 378 795 419 quae
828 370 915 408 tam
938 370 1099 408 remota
1120 371 1360 420 persecutae
1384 371 1493 422 sunt,
1517 371 1604 410 tam

104 438 243 479 clausa
282 436 487 491 adierunt,
529 437 618 477 tam
654 437 796 487 operta
827 436 1035 485 uiderunt,
1071 435 1223 477 idcirco
1255 437 1415 478 scilicet
1448 437 1603 478 lumine

77 505 293 547 5ue1·itatis
324 505 512 555 adflatas‚
545 504 594 545 ut
623 503 666 545 in
698 503 875 545 salutem
908 504 1070 558 generis
1101 503 1274 546 humani
1305 507 1391 546 toto
1424 508 1604 559 quando-

105 587 181 627 que
213 575 367 615 mundo
399 573 604 615 diuinitus
637 571 793 613 editum
827 572 975 626 dogma
1005 573 1110 625 apud
1143 573 1264 614 rudes
1296 574 1385 614 ueri
1416 573 1604 627 gentium

105 643 262 683 mentes
303 641 523 696 gentilium
559 640 808 682 testimoniis
841 642 1038 692 uteretur,
1072 652 1151 693 quo
1182 640 1315 695 magis
1346 642 1605 695 ignorantiae

105 710 245 751 nubilo
293 712 459 751 caecata
505 711 546 751 et
592 709 854 751 infidelitatis
903 709 1055 763 frigore
1100 711 1143 751 in
1182 709 1386 763 quandam
1431 710 1605 764 glaciem

106 778 253 820 durata
283 778 500 833 gentilitas
532 778 796 832 euangelicae
826 777 1019 819 ueritatis
1051 777 1177 820 calori
1210 777 1386 827 cederet,
1408 779 1441 819 si
1463 779 1606 820 eadem

60 847 260 889 mneritas
303 846 613 888 aduersantium
655 858 817 899 quoque
858 845 1028 888 sibimet
1065 858 1132 887 ore
1165 847 1381 888 sonuisset.
1432 848 1504 889 aut
1534 859 1606 889 cur

106 927 186 957 non
228 915 327 957 haec
368 915 510 956 eadem
540 927 614 968 per
644 914 905 968 philosophos
938 914 1056 956 nobis
1087 915 1132 956 in
1164 927 1284 956 usum
1313 916 1402 957 ueri
1434 916 1606 958 caelitus

106 984 325 1038 procurata
356 985 585 1032 credamus,
619 995 721 1036 quae
753 984 803 1025 ad
835 985 1157 1038 redarguendam
1186 984 1418 1026 nostrorum
1449 996 1606 1038 quoque

105 1053 344 1106 inperitiam
372 1052 493 1094 utilia
522 1052 607 1093 fore
638 1052 953 1106 cognoscimus?
985 1054 1236 1106 persuadens
1257 1052 1388 1106 igitur
1408 1053 1451 1094 in
1473 1053 1607 1095 Phae-

107 1122 211 1163 done
241 1120 398 1163 Socrati
430 1121 490 1162 sic
521 1122 580 1162 ait
612 1133 709 1162 uera
739 1121 868 1162 ratio:
915 1120 1077 1163 donec
1118 1133 1297 1174 corpus
1328 1121 1607 1163 habeamus

61 1190 498 1243 15permixtusque
546 1188 620 1230 sit
665 1189 766 1231 tali
807 1189 941 1231 malo
981 1190 1162 1231 noster
1203 1190 1430 1240 animus,
1471 1202 1607 1231 num-

107 1271 253 1313 quam
298 1271 388 1301 nos
433 1258 485 1299 id
524 1258 655 1311 quod
696 1258 800 1299 iam
841 1257 964 1299 olim
1008 1258 1430 1311 concupiscimus
1473 1258 1607 1300 satis

105 1328 256 1383 plene
317 1329 701 1369 consecuturos.
777 1326 1207 1380 concupiscimus
1268 1327 1439 1368 autem
1499 1327 1607 1368 ueri

106 1396 400 1438 scientiam.
459 1407 646 1448 corpus
688 1396 824 1437 enim
865 1395 1016 1437 nobis
1057 1395 1279 1449 primum
1319 1396 1607 1437 innumera-

106 1464 248 1507 biles
281 1467 329 1506 et
360 1465 615 1508 infinitas
647 1466 1022 1519 occupationes
1052 1465 1240 1515 infert,
1274 1465 1463 1518 quibus
1497 1477 1608 1506 con-

61 1535 326 1575 2oterimur
366 1533 424 1575 ob
468 1535 821 1576 necessarium
863 1534 1063 1576 uictum
1105 1535 1155 1575 et
1196 1534 1449 1575 alimenta
1480 1533 1609 1575 coti-

107 1602 274 1646 diana.
322 1603 508 1645 deinde
531 1603 575 1645 si
599 1605 685 1657 qui
706 1602 870 1645 morbi
891 1603 1228 1656 ingruerunt,
1250 1603 1608 1656 inpedimento

107 1673 253 1726 sunt,
299 1672 578 1726 quominus
624 1672 890 1726 inquirere
936 1675 987 1714 et
1037 1672 1275 1714 inuenire
1325 1671 1608 1713 ueritatem

243 1825 287 1859 14
311 1824 405 1859 Plat.
430 1824 562 1859 Phaed.
587 1835 666 1869 pag.
693 1824 767 1860 66b
783 1845 823 1850 -—
839 1825 912 1859 672.

175 1966 197 2000 2
222 1969 365 2011 propter
389 1967 424 2001 A
562 1967 585 2001 4
613 1966 815 2001 adiecerunt
839 1966 876 2002 R
893 1966 971 2001 Seli.
1108 1967 1229 2010 operta
1253 1966 1453 2007 Bai-thius,
1493 1965 1608 2010 perita

108 2023 192 2059 libri
216 2028 249 2059 et
275 2024 429 2059 editores
565 2024 734 2058 uidelicet
762 2024 781 2059 b
919 2025 941 2058 5
973 2023 1124 2058 adflatus
1156 2023 1287 2058 BH¹R
1424 2024 1502 2057 toto
1527 2022 1611 2057 libri

108 2093 190 2117 eum
213 2083 294 2125 PT,
334 2082 404 2116 toti
435 2081 456 2116 b
594 2082 615 2115 6
646 2081 853 2115 diuinitatis
878 2081 1010 2115 edituri
1037 2081 1125 2123 (scil.
1150 2080 1369 2124 philosophi)
1396 2080 1487 2115 coni.
1513 2079 1610 2114 Bar-

108 2140 206 2175 thius
345 2138 497 2184 editum]
530 2138 690 2173 ederetur
722 2149 764 2182 p,
809 2138 946 2173 editum
979 2140 1071 2172 esset
1104 2137 1182 2172 Βοὴ.
1321 2137 1404 2171 uerll
1435 2137 1488 2179 Ε,
1530 2146 1611 2171 uere

108 2197 171 2240 M,
212 2206 294 2231 uero
321 2196 340 2229 b
467 2195 659 2241 gentilium
686 2195 765 2230 Sch.
894 2195 913 2229 7
940 2196 1124 2229 uterentur
1148 2194 1196 2229 M
1219 2194 1375 2229 editores
1500 2193 1522 2228 8
1547 2203 1612 2227 nu·

108 2254 195 2299 bilo]
222 2253 344 2288 morbo
369 2253 389 2288 b
527 2253 548 2288 9
574 2253 686 2287 calore
710 2253 746 2288 R
882 2253 932 2287 sic
957 2252 1088 2287 BH¹R
1227 2251 1271 2285 10
1295 2250 1494 2285 sonuissent
1516 2249 1598 2284 BH
1602 2252 1610 2268 ¹

109 2311 145 2347 R
278 2311 319 2345 11
347 2321 408 2356 per
432 2320 501 2346 om.
527 2310 548 2345 b
679 2310 721 2344 13
746 2309 1160 2355 persuadet—socrates.
1185 2308 1237 2342 ait
1262 2318 1343 2342 uera
1367 2307 1458 2341 ratio
1487 2306 1520 2341 G

109 2367 285 2413 phedrone
308 2368 394 2403 libri
418 2371 451 2403 et
475 2368 496 2403 b
635 2367 679 2401 14
710 2370 864 2401 socrates
889 2367 939 2401 sic
964 2367 1027 2402 ait.
1060 2377 1143 2401 uera
1167 2366 1259 2400 ratio
1285 2367 1338 2399 est
1362 2364 1471 2398 donec
1492 2374 1519 2407 p

111 2425 154 2460 15
178 2425 425 2470 permixtuque
452 2424 482 2459 S
617 2424 659 2458 16
684 2424 771 2458 satis
797 2434 864 2459 om.
889 2423 928 2458 F
1062 2424 1104 2457 17
1130 2423 1231 2467 plene
1255 2432 1321 2456 om.
1347 2421 1469 2462 BDF,
1510 2420 1611 2464 plane

110 2481 200 2525 ΕΒ,
240 2481 344 2525 pleno
368 2481 388 2516 b
519 2481 561 2515 18
586 2479 689 2514 nobis
714 2490 781 2516 om.
806 2480 959 2516 BDE'F
1078 2478 1312 2514 innumerales
1336 2488 1361 2521 p
1490 2477 1532 2511 19
1558 2477 1612 2511 in-

111 2539 229 2573 ferunt
253 2538 290 2573 R
426 2537 472 2572 20
495 2538 694 2573 conuictum
719 2548 748 2582 p
885 2537 1099 2571 alimentum
1124 2535 1371 2580 quotidianum
1396 2534 1481 2568 libri
1500 2544 1611 2578 prae-

111 2611 166 2642 ter
194 2607 310 2643 CGM
332 2609 364 2641 et
390 2606 470 2642 Sch.
610 2606 653 2640 21
679 2605 840 2650 deinceps
864 2605 938 2640 Mb
1064 2604 1265 2649 ingruerint
1291 2602 1427 2643 ΒΕΘ,
1467 2591 1613 2646 ὶυςῑιιθῖ

111 2664 172 2705 Μ,
214 2664 381 2709 ingruere
412 2663 431 2698 b
570 2663 614 2697 22
647 2663 806 2698 cominus
839 2663 913 2698 Mb
1052 2662 1272 2706 inquiramus
1305 2662 1340 2694 et
1365 2659 1414 2694 sic
1439 2670 1510 2693 uer.
1536 2659 1612 2695 inu.

112 2730 181 2755 non
207 2731 395 2765 possumus
413 2731 443 2765 p
582 2720 788 2765 ueritatem]
815 2730 883 2754 non
910 2719 993 2754 add.
1020 2719 1040 2753 b
