1884 2998
257 114 338 157 162
765 111 1011 147 Claudiani
1037 110 1246 146 Mamerti

965 268 1045 323 VI.

257 398 366 438 QVIA
396 397 490 428 NON
520 397 666 428 MARIA
687 395 952 427 GABRIELEM
973 393 1195 426 ANGELVM
1215 397 1265 426 IN
1285 395 1345 425 EA
1370 394 1647 426 SVBSTANTIA
1668 396 1761 435 QVA

256 465 457 498 SPIRITVS
506 465 587 496 EST
632 465 775 504 VIDIT,
822 463 905 494 SED
951 464 1012 493 EX
1056 463 1115 494 EO
1159 464 1284 503 QVOD
1315 464 1375 493 DE
1421 464 1540 494 AERE
1587 463 1761 495 OORPVS

600 533 798 564 VISIBILE
828 531 1182 563 TEMPORALITER
1213 531 1415 563 SVMPSIT.

313 626 394 668 Hic
433 625 518 667 iam
559 637 668 666 nunc
699 625 742 665 in
773 623 1017 677 angelorum
1053 625 1213 665 statum
1243 624 1444 677 superbus
1474 624 1610 665 orator
1640 623 1759 665 inue-
1791 639 1806 663 τι

255 694 366 736 heris
414 696 455 736 et
485 693 724 738 Gabrielem
769 692 850 734 tibi
896 692 1014 745 quasi
1059 693 1267 745 quoddam
1311 693 1476 746 linguae
1521 691 1762 746 proludium

257 764 403 818 deligis
425 763 484 804 sic
505 761 761 804 declamans:
793 761 843 814 ip
857 772 909 802 se
939 760 999 801 be
1014 760 1290 803 atissimus
1323 763 1359 806 G
1373 761 1561 813 abriel‚
1594 762 1680 814 qui
1709 773 1761 802 se

257 832 378 874 ante
422 833 447 873 d
462 843 572 872 eum
613 830 793 871 adstar
808 842 829 870 e
875 829 1129 881 testatur,
1169 841 1279 871 cum
1318 831 1574 871 caelorum
1605 830 1762 871 domi-

256 913 374 942 num
433 899 630 941 Mariae
687 897 1069 939 infundendum
1127 898 1428 940 uisceribus
1487 898 1764 940 nuntiaret

259 980 477 1022 cumque
514 967 606 1009 sub
646 967 672 1008 d
687 965 942 1008 ominicae
982 965 1153 1008 oculis
1187 966 1473 1020 genitricis
1505 966 1762 1017 adstaret,
1779 984 1812 1009 ιο

258 1037 373 1079 sine
411 1035 569 1078 dubio
607 1036 746 1077 caelo
786 1035 984 1085 deerat,
1023 1035 1189 1077 maria
1225 1048 1324 1077 non
1359 1035 1763 1088 superuolabat‚

257 1117 420 1147 uacua
458 1106 616 1158 atque
653 1103 857 1145 diffusa
894 1103 1035 1145 uasti
1065 1103 1207 1145 aeris
1239 1116 1336 1146 non
1375 1104 1637 1157 inplebat,
1676 1107 1764 1146 sed

257 1175 427 1227 ipsum
477 1175 682 1215 tantum
726 1173 916 1221 locum,
968 1171 1021 1213 in
1066 1184 1092 1225 q
1106 1184 1162 1213 uo
1213 1171 1413 1225 aderat,
1461 1172 1762 1226 occupabat.

258 1242 390 1285 dilata
426 1242 547 1284 huius
585 1241 802 1296 paululum
840 1241 1094 1283 discussione
1132 1241 1364 1283 sententiae
1406 1242 1572 1283 tantam
1617 1240 1764 1283 aduer-

258 1310 441 1352 santium
471 1310 787 1364 repugnantiam
819 1309 1156 1363 prolocutionum
1185 1310 1351 1363 stupere
1372 1322 1439 1351 me
1462 1309 1608 1351 fateor.
1653 1321 1765 1351 nunc
1778 1322 1812 1348 15

259 1390 394 1420 aerem
430 1379 637 1432 subtilem,
678 1391 788 1420 nunc
825 1378 1002 1421 eundem
1041 1380 1210 1420 uastum
1248 1379 1364 1428 dicis,
1411 1390 1521 1420 nunc
1564 1390 1765 1432 magnum

258 1447 405 1488 mundi
435 1446 584 1502 locum,
617 1458 741 1500 quem
770 1459 842 1501 pro
865 1447 1050 1501 portione
1073 1446 1178 1489 aeris
1205 1447 1460 1489 elementum
1490 1447 1634 1501 replet,
1666 1460 1765 1501 poe-

259 1515 346 1557 tica
377 1516 555 1568 quadam
596 1514 766 1557 licentia
796 1527 973 1558 uacuum
1003 1515 1195 1569 perhibes
1225 1528 1299 1557 nec
1338 1515 1546 1570 intellegis
1587 1528 1766 1558 uacuum

258 1595 426 1637 prorsus
457 1597 544 1626 esse
574 1595 654 1626 non
684 1596 815 1638 posse,
848 1585 945 1638 quia
974 1584 1047 1627 ubi
1078 1585 1143 1626 est
1172 1584 1331 1638 aliquid
1360 1585 1550 1627 nonnihil
1579 1586 1656 1629 est.
1696 1598 1766 1628 aer

259 1664 356 1693 uero
397 1652 499 1696 nihi]
543 1665 625 1696 non
667 1655 743 1703 est,
779 1654 908 1708 igitur
939 1653 1011 1695 ubi
1041 1665 1109 1695 aer
1146 1656 1209 1695 est
1248 1665 1427 1696 uacuum
1457 1665 1539 1696 non
1569 1657 1643 1697 est.
1695 1654 1766 1696 sed
1778 1669 1812 1695 20

260 1733 334 1763 nec
364 1721 470 1763 illud
500 1733 677 1763 uacuum
707 1722 819 1764 recte
849 1723 986 1775 potest
1017 1721 1112 1773 dici,
1145 1722 1253 1775 quod
1283 1722 1390 1764 nihil
1420 1723 1496 1777 est,
1529 1722 1626 1776 quia
1657 1722 1765 1776 quod

259 1789 368 1831 nihil
407 1791 468 1831 cst
508 1791 689 1844 recipere
730 1790 888 1844 aliquid
928 1802 1009 1832 non
1047 1790 1197 1843 potest.
1249 1791 1419 1844 proinde
1460 1804 1638 1833 uacuum
1682 1803 1766 1833 non

399 1930 418 1964 7
450 1929 495 1965 cf.
520 1940 599 1975 pag.
626 1930 680 1973 14,
708 1931 752 1965 18

328 2058 351 2093 5
375 2059 414 2093 in
438 2058 540 2102 E²G‚
581 2070 646 2095 om.
670 2060 749 2096 rell.
775 2063 810 2095 et
834 2061 866 2102 b,
908 2061 954 2095 ad
978 2059 1058 2096 Seli.
1190 2062 1290 2096 statu
1314 2062 1364 2096 M
1367 2062 1387 2096 b
1519 2063 1541 2097 6
1564 2062 1766 2108 gabrielum

260 2116 529 2152 ABGGHMS
662 2117 885 2162 praeludium
919 2117 1075 2155 editores
1215 2118 1235 2153 7
1267 2119 1390 2164 diligis
1422 2119 1681 2156 ABFHLRS

262 2198 313 2232 sic
335 2196 438 2238 E'G,
477 2197 513 2230 et
537 2195 634 2238 Solu,
675 2207 742 2233 om.
767 2197 846 2233 rell.
870 2201 906 2233 et
929 2198 950 2232 b
1094 2197 1294 2233 declamans
1323 2198 1476 2242 GLRS,
1516 2182 1691 2235 declamas
1715 2200 1768 2242 H,

262 2265 437 2300 declamas
460 2265 537 2300 rell.
563 2268 598 2300 et
622 2265 776 2301 editores
801 2266 867 2310 (sic
891 2266 1020 2301 clamas
1044 2266 1107 2309 E2,
1144 2265 1318 2301 declamas
1342 2266 1410 2312 ΕΙ)
1540 2268 1563 2303 8
1587 2269 1705 2304 astare
1727 2269 1768 2304 D

262 2343 486 2380 EFGHLS
611 2344 652 2379 10
677 2327 747 2400 sibi
772 2345 802 2380 S
920 2346 1128 2391 dominicae]
1151 2347 1397 2391 praeceptione
1420 2347 1657 2383 ordinationis
1681 2348 1768 2384 add.

263 2412 400 2448 codices
430 2411 631 2447 Claudiani
655 2413 772 2448 Mam.
796 2414 837 2448 in
861 2414 1020 2458 epistula
1043 2414 1180 2450 Fausti
1305 2416 1399 2450 oculi
1429 2415 1459 2451 G
1579 2416 1770 2452 adsisteret

264 2470 394 2515 legitur
418 2470 460 2504 in
485 2470 640 2513 epistula
663 2470 800 2506 Fausti
939 2472 981 2506 13
1017 2472 1122 2507 illum
1146 2476 1180 2508 et
1203 2472 1451 2508 tantummodo
1476 2477 1509 2509 et
1532 2476 1610 2509 erat
1634 2475 1770 2520 leqitur

263 2525 367 2570 apud
390 2525 572 2561 Faustum
704 2527 748 2562 14
773 2527 990 2563 discussione
1013 2529 1051 2563 A
1181 2530 1377 2565 sententiae
1402 2530 1618 2565 discussione
1642 2532 1679 2568 R

267 2583 310 2618 15
334 2582 632 2627 proloquitionem
656 2583 694 2619 R
811 2585 854 2619 16
879 2584 1023 2620 bastum
1046 2586 1213 2623 BOH¹R
1329 2586 1371 2622 17
1397 2597 1458 2631 pro
1482 2588 1646 2631 portione
1670 2588 1770 2623 Bar-

264 2639 382 2683 thius,
421 2640 646 2684 proportione
677 2641 764 2676 libri
910 2642 953 2676 18
985 2644 1122 2687 peribes
1152 2643 1318 2686 BOFM,
1354 2644 1508 2690 phibens
1540 2643 1578 2680 R
1716 2645 1771 2679 in-

264 2695 411 2764 telleges
436 2719 467 2755 S
577 2722 619 2755 21
646 2732 744 2766 posse
767 2723 814 2758 M
836 2722 990 2759 editores
