1884 2998
305 122 364 165 30
823 119 1067 156 Claudiani
1092 120 1301 156 Mamerti

306 249 375 289 tur
404 246 580 294 scilicet,
623 246 669 286 ut
701 244 1114 287 incontaminabilem
1145 245 1374 298 praecelsae
1405 245 1639 290 diuinitatis
1670 260 1808 290 essen-

304 316 411 357 tiam
470 313 712 369 passibilem
765 313 850 355 fore
902 313 1130 364 credamuS,
1181 313 1216 355 si
1261 313 1465 357 uaticinia
1514 315 1809 369 prophetarum

304 384 537 439 allegoricis
581 384 764 426 animata
804 382 971 424 secretis
1013 382 1055 424 in
1096 382 1267 425 litterae
1303 384 1467 425 tantum
1501 395 1665 437 corpore
1697 386 1809 440 cogi-

304 457 452 495 temus.
505 453 600 506 quia
633 464 728 494 cum
759 451 1011 505 propheticis
1044 451 1218 493 oraculis
1248 452 1316 493 uel
1345 451 1466 493 irasci
1498 452 1567 494 uel
1596 453 1809 507 paenitere

305 522 571 572 memoratur,
613 521 780 563 effectus
825 521 969 562 harum
1010 520 1207 562 uidelicet
1247 521 1487 574 passionum
1519 521 1808 565 considerandi
1840 541 1854 565 5

302 590 412 641 sunt,
454 602 536 632 non
567 590 765 632 adfectus.
813 601 933 642 porro
976 589 1047 643 qui
1090 590 1321 631 neotericus
1362 589 1538 644 scriptor
1573 591 1686 633 iuxta
1715 603 1809 645 pro·

303 659 493 713 pheticae
537 658 756 701 locutionis
802 657 1036 711 exemplum
1075 658 1442 701 meditatiunculas
1483 671 1579 701 suas
1618 661 1810 702 autumat

302 727 451 770 debere
481 729 658 781 pensari,
691 738 771 769 non
803 727 1075 769 tractatorem
1106 727 1321 781 profitetur
1352 740 1395 769 se
1425 728 1518 779 iste,
1551 730 1621 770 sed
1653 729 1809 784 uatem,

302 809 395 839 cum
428 796 604 851 uirginis
636 797 779 851 partus
811 807 881 837 ora
903 797 1047 838 uatum
1069 798 1335 849 obserauerit,
1358 801 1404 840 ut
1428 796 1628 839 uaticinia
1649 809 1807 838 resera-

301 867 378 907 ret.
420 877 537 907 secus
579 866 709 920 igitur
745 868 806 907 est
848 877 897 907 ac
938 866 1043 907 ratio
1074 867 1270 919 postulat,
1303 867 1477 921 mystico
1509 866 1808 920 prophetarum
1822 884 1855 909 ιο

301 933 398 977 stilo
429 935 563 975 texere
585 934 772 988 periodos
804 935 1013 988 oratorias,
1049 946 1128 987 quo
1159 934 1207 976 fit
1237 938 1284 977 ut
1309 935 1382 976 ille
1404 936 1474 989 qui
1496 935 1629 977 aliena
1649 935 1810 987 exposi-

300 1004 446 1045 turum
478 1015 520 1044 se
551 1003 739 1057 spondet,
771 1015 854 1044 non
885 1002 1017 1056 possit
1049 1004 1206 1057 exponi.
1255 1003 1385 1057 igitur
1406 1004 1479 1045 aut
1499 1004 1645 1045 uatum
1666 1002 1807 1045 uerbis

299 1083 382 1114 non
421 1074 537 1114 utere
580 1073 654 1114 aut
694 1073 934 1114 uaticinare.
986 1084 1247 1126 nequaquam
1285 1072 1467 1126 profecto
1510 1071 1703 1113 conducit
1739 1072 1806 1114 uel

298 1141 504 1194 praesenti
535 1141 782 1183 uaticinium
812 1141 987 1194 tempori
1018 1141 1086 1182 uel
1116 1140 1360 1194 prophetica
1387 1140 1541 1182 locutio
1571 1140 1805 1182 tractatori.

298 1209 491 1264 quocirca
532 1210 732 1263 quidquid
772 1209 815 1251 in
857 1209 1138 1251 defensionem
1179 1210 1243 1251 tui
1274 1222 1320 1250 ex
1350 1209 1588 1263 prophetico
1620 1221 1807 1251 sermone
1821 1226 1854 1252 15

298 1280 517 1320 mutuatus
549 1291 605 1328 es,
637 1278 883 1320 aduersatur
913 1279 992 1320 tibi
1024 1279 1161 1332 potius
1194 1291 1317 1332 quam
1349 1279 1592 1332 opitulatur,
1623 1278 1719 1332 quia
1741 1278 1808 1320 uel

298 1349 486 1401 quaesita
516 1347 700 1390 defensio
732 1347 887 1390 fatetur
918 1348 1240 1390 inbecillitatem
1269 1348 1338 1389 uel
1368 1348 1640 1402 incongruens
1665 1348 1805 1401 patro-

298 1416 454 1458 cinium
483 1429 564 1458 non
595 1418 748 1471 purgat
779 1428 972 1458 errorem.

352 1508 661 1551 Intemerabilis
683 1521 778 1563 ergo
801 1509 1000 1551 diuinitas
1022 1508 1344 1562 haudquaquam
1367 1509 1478 1550 recte
1493 1508 1615 1551 adfici
1637 1507 1802 1559 dicitur,

296 1577 395 1631 quia
425 1577 595 1619 effectus
636 1580 698 1620 est
739 1578 790 1620 ab
822 1577 983 1632 opifice,
1016 1577 1204 1619 adfectus
1240 1578 1285 1618 in
1315 1589 1447 1632 opere.
1500 1577 1663 1631 quando
1694 1577 1852 1622 enim20

295 1646 398 1688 deus
430 1646 664 1700 quempiam
686 1646 971 1700 temporaliter
992 1648 1125 1699 punit,
1157 1648 1323 1688 aeterno
1357 1645 1526 1688 consilio
1558 1646 1628 1687 ille
1659 1646 1804 1699 utique

294 1714 455 1767 patitur
486 1716 555 1768 qui
585 1716 765 1769 punitur.
817 1716 1029 1769 pateretur
1062 1715 1220 1768 aliquid
1251 1716 1293 1757 et
1315 1716 1429 1765 deus,
1451 1716 1484 1756 si
1506 1715 1575 1756 uel
1596 1715 1804 1768 tempora-

295 1782 392 1825 liter
423 1783 657 1836 cuiuspiam
678 1785 848 1837 peccata
871 1786 1135 1838 cognosceret
1164 1783 1234 1825 uel
1263 1785 1439 1826 eundem
1460 1783 1510 1825 ad
1533 1784 1801 1825 exercendam

294 1852 503 1894 iustitiam
541 1853 754 1895 iracundia
795 1855 1083 1895 commoueret.
1136 1865 1255 1894 omne
1294 1852 1448 1895 etenim
1487 1854 1802 1905 temporaneum

293 1922 446 1964 mobile
492 1922 615 1975 atque
665 1922 867 1964 mutabile
916 1921 1179 1963 inmutabilis
1230 1923 1272 1963 et
1322 1921 1437 1963 stans
1488 1920 1799 1975 sempiternitas
1816 1939 1851 1965 25

364 2126 381 2159 1
420 2125 797 2160 incontallminabilem
832 2125 868 2160 R
1007 2125 1160 2170 procelse
1196 2125 1232 2160 R
1376 2124 1399 2158 4
1436 2124 1553 2169 irasci]
1592 2124 1676 2158 deus
1713 2123 1802 2159 add.

299 2182 334 2217 G
495 2183 516 2217 6
552 2182 637 2227 quia
675 2182 856 2224 H2LMb,
897 2193 963 2218 om.
1002 2182 1030 2218 S
1188 2182 1389 2216 neutericus
1425 2181 1714 2218 ABCDEFRS

290 2241 315 2275 8
339 2239 544 2284 profitemur
569 2240 606 2274 B
738 2250 773 2274 se
797 2251 863 2275 om.
887 2240 972 2274 libri
990 2243 1144 2284 praeter
1168 2239 1239 2274 Mb
1265 2243 1299 2274 et
1325 2239 1403 2275 Βοὴ.
1537 2239 1558 2273 9
1585 2250 1643 2273 ore
1663 2242 1709 2284 p²

292 2296 512 2332 obserauerit
548 2297 856 2340 ABHLPRST,
904 2297 1086 2331 obserauit
1128 2297 1178 2339 G,
1220 2296 1461 2331 obseruauerit
1503 2297 1693 2332 GDEFM
1727 2297 1801 2332 edi-

290 2357 386 2389 tores
517 2355 683 2389 reserarit
708 2354 793 2389 libri
804 2358 956 2399 praeter
979 2354 1094 2390 GGM
1109 2358 1143 2389 et
1161 2353 1241 2389 Sch,
1375 2355 1415 2388 11
1441 2353 1602 2399 periodas
1628 2355 1708 2389 LS¹

291 2411 464 2446 oratorios
487 2411 537 2446 M
671 2411 714 2446 12
746 2411 890 2456 spondit
915 2411 1054 2453 MRS¹‚
1095 2411 1284 2456 spopondit
1304 2413 1347 2456 1⁰²
1487 2412 1529 2446 13
1561 2412 1802 2447 uaticinabere

298 2480 330 2515 G
462 2480 628 2515 condecet
653 2481 763 2517 MPb
902 2482 944 2515 14
970 2483 1152 2526 praesente
1175 2481 1263 2517 AB¹
1400 2481 1708 2515 uel—tractatori
1732 2492 1799 2517 om.

291 2560 322 2596 G
436 2561 572 2595 lucutio
597 2561 678 2596 ΕΒ*
810 2562 852 2596 15
877 2572 1072 2596 sermonem
1097 2562 1133 2597 R
1262 2562 1305 2596 16
1330 2543 1490 2596 mutatus
1516 2561 1545 2596 S
1668 2562 1710 2597 19
1734 2564 1799 2597 aut

290 2640 511 2674 nequaquam
541 2630 578 2665 R
716 2631 762 2666 20
793 2631 844 2676 in]
878 2630 923 2665 ab
953 2631 1145 2665 ABDEF
1166 2631 1248 2667 Βοὴ.
1386 2630 1432 2665 22
1460 2631 1650 2676 pateretur]
1677 2633 1798 2666 autem

290 2686 378 2722 add.
417 2686 452 2722 G
603 2688 650 2733 et]
688 2699 754 2724 om.
791 2688 990 2732 ABDEF,
1038 2689 1098 2723 det
1137 2688 1171 2724 G
1324 2688 1370 2723 24
1404 2687 1498 2723 enim
1537 2687 1707 2724 Schottus

290 2746 609 2789 temperamentum
630 2756 658 2790 p
797 2746 841 2780 25
869 2746 1084 2790 sempiterna
1107 2745 1255 2781 trinitas
1286 2745 1320 2781 G
1654 2760 1657 2763 ⁴
