1884 2998
574 84 635 120 De
659 85 784 119 statu
808 84 985 120 animae
1016 84 1075 121 111
1101 85 1154 120 18.
1535 85 1615 129 189

773 208 950 263 XVIII.

113 337 163 368 IN
192 337 300 367 FINE
331 335 469 367 HVIVS
509 335 634 365 LIBRI
664 335 841 365 VENIAM
871 335 901 365 A
931 334 1015 366 SVO
1046 335 1178 365 PETIT
1216 334 1527 366 CONFLICTORE
1558 335 1615 366 ET

203 404 342 436 INTER
371 403 622 442 VTRVMQVE
654 402 899 434 CERTAMEN
930 402 1068 433 IPSVM
1098 402 1289 434 DELIGIT
1319 403 1526 434 IVDICEM.

172 496 230 538 Te
275 508 394 546 nunc,
436 494 607 548 quisque
656 493 729 534 ille
764 506 804 535 es
843 493 1040 535 aduersus
1087 492 1205 535 cuius
1251 493 1408 547 scripta
1453 495 1617 536 nosmet

87 564 267 609 5iniuria
299 564 546 617 scriptorum
578 562 744 604 tuorum
775 561 911 603 dicere
943 562 1139 615 conpulit,
1173 573 1242 603 oro
1275 573 1505 615 quaesoque
1536 575 1616 604 non

115 632 363 676 obirascaris
394 631 513 683 mihi,
545 642 675 684 neque
706 629 815 671 enim
847 630 1079 672 conuicium
1109 629 1253 672 rettuli
1284 642 1415 683 neque
1451 631 1616 684 rependi

115 700 397 743 maledictum.
448 700 578 741 solam
629 698 708 740 tibi
754 710 826 752 pro
873 698 1057 740 falsitate
1103 698 1327 740 ueritatem
1372 697 1483 740 haud
1528 698 1617 752 pari

114 769 398 812 uicissitudine
436 767 721 821 reponderaui‚
764 767 848 809 illis
890 779 964 822 ego
995 780 1112 821 quae,
1145 780 1223 822 quo
1254 767 1390 821 magis
1421 768 1506 820 tua,
1538 766 1618 808 tibi

115 839 248 892 magis
290 838 411 879 noxia
448 839 546 878 sunt
585 835 846 878 aduersarius
878 848 971 878 sum
1010 848 1160 889 eroque
1197 837 1320 889 atque
1359 836 1424 878 uti
1463 836 1618 878 eisdem

70 907 201 961 10ipse
231 918 390 960 quoque
421 906 638 948 aduersere
669 917 793 947 causa
823 905 886 947 tui
917 905 1081 947 suadeo.
1128 917 1263 959 pauca
1294 905 1395 947 haec
1415 906 1456 946 et
1480 904 1616 955 exilia,

117 979 242 1028 prout
286 978 448 1018 arctum
494 974 692 1028 temporis
739 974 851 1023 sinit,
892 986 1086 1027 responsa
1134 973 1340 1024 redhibui,
1387 975 1434 1015 tu
1478 977 1617 1015 tecum

116 1045 339 1098 utrumque
370 1046 543 1098 pensato
576 1045 616 1085 et
646 1044 755 1085 inter
786 1055 852 1084 me
882 1042 1005 1096 teque
1035 1054 1256 1096 personam
1286 1041 1433 1084 iudicis
1463 1042 1617 1083 sumito

117 1113 391 1166 adhibetoque
430 1113 617 1155 iustitiae
657 1112 820 1155 libram.
872 1112 907 1154 si
940 1112 1036 1154 lanx
1071 1114 1213 1153 nostra
1251 1111 1417 1164 pronior
1447 1112 1489 1152 et
1519 1121 1618 1152 uero

115 1181 296 1235 grauior,
330 1194 412 1223 non
432 1181 573 1237 pigeat
603 1194 732 1235 neque
763 1182 917 1235 pudeat
938 1193 961 1222 a
982 1180 1211 1234 transfugio
1242 1178 1451 1233 refugium
1481 1178 1616 1220 facere

71 1267 104 1293 15
118 1252 158 1292 et
190 1263 213 1292 a
243 1250 430 1293 falsitate
468 1250 543 1292 sub
583 1251 760 1292 ueritate
801 1250 955 1292 cedere.
1007 1249 1082 1298 sin,
1120 1249 1229 1302 quod
1260 1260 1334 1302 ego
1374 1246 1502 1288 nolim
1539 1258 1616 1288 nec

117 1318 223 1360 faxis
253 1331 451 1372 persuasu
477 1320 599 1368 istuc,
632 1318 821 1374 uti<que)
843 1317 1068 1361 obstinatio
1091 1319 1164 1366 est,
1189 1317 1297 1359 edito
1318 1328 1390 1369 pro
1411 1316 1616 1357 sententia

61 1375 72 1388 ⁸
114 1388 187 1428 tua
234 1387 393 1441 aliquid
442 1387 664 1442 publicitus
714 1387 989 1429 lectitandum
1039 1398 1169 1439 neque
1219 1397 1368 1427 nomen
1414 1384 1617 1427 occulito:

185 1545 208 1579 2
244 1556 264 1579 a
300 1544 644 1590 suo—conflictore]
682 1544 1004 1579 suo—conflictori
1042 1545 1092 1579 M
1250 1544 1274 1579 4
1310 1545 1470 1589 quisquis
1505 1555 1529 1588 p

117 1605 251 1649 scripta
276 1615 342 1639 om.
369 1603 404 1638 L
541 1603 562 1638 5
586 1604 719 1638 iniuriii
746 1603 826 1645 LS,
866 1603 1000 1638 iniuria
1025 1602 1099 1637 Mb
1238 1602 1410 1646 compluit
1435 1602 1490 1645 B,
1529 1611 1621 1636 com-

117 1661 163 1696 lit
187 1663 223 1696 A
351 1661 372 1695 6
396 1660 529 1695 redtuli
552 1661 646 1703 BH,
689 1660 817 1695 rectuli
841 1661 896 1703 A,
937 1660 1045 1695 retuli
1071 1659 1147 1694 rell.
1173 1662 1207 1694 et
1233 1659 1387 1694 editores
1514 1659 1534 1693 7
1560 1660 1622 1693 aut

117 1719 322 1761 ABGGH,
361 1718 449 1753 haut
481 1718 512 1753 S
646 1728 711 1763 par
736 1728 765 1762 p
904 1717 926 1752 8
958 1726 1023 1761 ego
1049 1716 1148 1761 quae]
1175 1727 1258 1760 ergo
1283 1727 1372 1760 quae
1396 1716 1448 1758 B,
1490 1725 1623 1760 egoque

117 1776 137 1810 b
276 1786 365 1820 quae
402 1786 467 1811 om.
508 1774 588 1810 Βοὴ.
727 1785 795 1819 quo
833 1784 898 1809 om.
931 1775 974 1818 10²
1112 1775 1176 1808 tua
1210 1773 1281 1807 tibi
1317 1773 1359 1807 in
1388 1783 1463 1808 ras.
1497 1773 1532 1807 B

117 1833 139 1868 9
172 1833 326 1868 alterum
357 1832 474 1877 magis
507 1842 573 1867 om.
602 1833 636 1867 G
661 1835 696 1867 et
714 1843 742 1876 p
883 1831 1040 1866 eiusdem
1077 1830 1147 1866 BG
1284 1830 1327 1864 10
1364 1830 1552 1865 aduersare
1587 1830 1624 1864 A

117 1889 188 1925 Mb
325 1889 441 1924 causis
466 1889 539 1924 tuis
573 1889 648 1923 Mb
790 1889 828 1922 11
861 1889 951 1923 sinit
979 1887 1153 1924 Galland.
1294 1888 1336 1921 12
1367 1887 1536 1921 summito
1567 1886 1623 1929 M,

118 1947 291 1981 submitto
327 1947 347 1982 b
487 1947 532 1981 13
568 1946 798 1990 adhibitoque
835 1946 920 1980 libri
956 1949 990 1980 et
1026 1946 1192 1987 editores,
1225 1955 1319 1980 corr.
1351 1945 1532 1979 Barthius

116 2003 290 2048 iustitiae]
318 2003 346 2038 si
374 2002 461 2038 add.
486 2004 523 2038 A
683 2003 767 2037 lanx
791 2003 855 2046 132,
897 2003 1000 2038 lancx
1030 2002 1075 2044 0,
1115 2002 1217 2037 lanxe
1246 2002 1290 2043 G,
1330 2001 1430 2036 lance
1452 2001 1528 2035 rell.

117 2053 179 2116 nr}
208 2072 242 2107 G
381 2073 424 2108 14
448 2072 636 2117 repugium
660 2072 864 2114 ΑΒΟΗΕ,
907 2071 1092 2116 repudium
1120 2070 1201 2106 Son.
1341 2070 1385 2104 15
1418 2071 1474 2104 sin
1498 2069 1623 2113 ΒΕΓ,

118 2130 192 2164 sint
227 2130 306 2165 rell.
445 2140 513 2174 quo
550 2129 808 2165 ABGGH¹M
940 2129 1072 2164 nullim
1109 2129 1145 2163 A
1287 2138 1330 2162 ne
1367 2127 1457 2162 faxis
1497 2128 1540 2170 G,
1581 2139 1623 2163 ne

118 2186 223 2221 factis
259 2187 319 2229 M,
361 2186 511 2221 nefastis
549 2187 569 2222 b
708 2186 750 2221 16
788 2197 849 2231 per
886 2197 991 2221 suasu
1024 2186 1121 2220 istuc
1157 2184 1281 2227 HLS,
1323 2185 1414 2219 istuc
1452 2195 1622 2228 persuasu

119 2243 199 2278 Βοὴ.
226 2254 245 2279 e
268 2244 388 2279 codice
416 2244 455 2286 Τ,
497 2254 560 2288 pro
587 2254 692 2278 suasu
717 2243 811 2277 istuc
835 2243 945 2279 ABG
953 2269 961 2286 ,
1002 2253 1209 2287 persuasum
1235 2241 1329 2276 istuc
1353 2241 1475 2283 DEF,
1511 2252 1534 2287 p
1559 2252 1623 2276 sua

119 2302 233 2335 suasti
270 2301 335 2335 hoc
375 2301 420 2343 G,
460 2311 484 2346 p
511 2302 616 2335 suasu
653 2300 752 2334 istud
790 2301 853 2343 M,
895 2300 975 2335 istis
1011 2310 1216 2344 persuasum
1254 2300 1308 2332 est
1340 2299 1359 2332 b
1498 2299 1623 2343 utique

118 2358 267 2402 scripsi,
305 2358 360 2392 uti
385 2358 470 2393 libri
487 2361 520 2393 et
539 2357 694 2392 editores
826 2357 934 2401 edito]
954 2359 991 2391 et
1007 2357 1060 2391 ita
1077 2356 1138 2398 M,
1172 2366 1262 2391 corr,
1281 2355 1326 2389 M
1331 2356 1341 2374 ²
1357 2355 1398 2389 i‘n
1414 2365 1529 2400 marq.

119 2424 179 2458 pro
214 2415 392 2450 sententia
427 2417 491 2449 tua
522 2414 659 2458 aliquid
691 2414 842 2458 scripsi,
885 2424 947 2458 pro
979 2413 1157 2448 sententia
1190 2412 1419 2454 tuatDGM,
1461 2422 1522 2456 pro
1549 2416 1623 2456 (pre

119 2470 170 2512 F)
196 2471 372 2505 sententia
404 2471 519 2516 liquid
546 2470 697 2515 (aliquid
721 2470 777 2513 Ε)
809 2470 1036 2511 GEFHLS,
1075 2469 1213 2514 psentia
1244 2468 1359 2511 liquid
1392 2468 1443 2509 A,
1485 2468 1622 2513 psentia

120 2526 235 2570 liquid
267 2528 317 2570 B,
359 2539 420 2572 pro
452 2538 508 2562 me
540 2528 754 2562 sententiam
789 2527 923 2571 liquido
957 2527 1035 2562 Βοὴ.
1177 2526 1217 2560 17
1254 2524 1467 2568 publistitus
1505 2525 1534 2560 S

120 2581 355 2618 lectitandam
376 2584 455 2619 Sch.
583 2584 734 2618 occulito
763 2583 848 2618 GM
854 2584 873 2618 b
891 2584 992 2627 Sch.‚
1031 2582 1144 2617 occuli
1169 2581 1288 2616 ΑΒΗ
1302 2581 1352 2624 (L
1369 2580 1492 2625 deest),
1528 2582 1619 2616 oculi

121 2639 166 2683 S,
203 2641 300 2675 ocule
324 2641 411 2685 DF,
449 2642 566 2676 occule
590 2642 644 2683 E,
678 2641 780 2675 oculo
811 2640 840 2675 Ο
975 2639 1138 2684 occulito]
1166 2637 1454 2682 respondebimus
1478 2638 1564 2674 add.
1591 2639 1621 2680 b,

120 2707 188 2741 quo
214 2697 298 2733 add.
326 2699 527 2742 ABHLS,
567 2709 644 2733 cum
670 2698 757 2735 add.
781 2697 914 2741 DEF,
954 2697 1118 2742 quoniam
1144 2707 1211 2740 quo
1237 2695 1322 2730 add.
1350 2694 1428 2730 Βοὴ.
