1884 2998
277 108 357 153 138
783 108 1026 168 Claudiani
1050 108 1261 144 Mamerti

275 235 458 277 monitus
489 236 700 290 spernant,
732 234 842 278 haud
872 236 1023 290 inpune
1045 236 1215 289 scilicet,
1258 248 1332 291 ego
1363 249 1462 279 uero
1483 238 1778 294 praeelegerim

275 304 326 346 ab
357 302 449 345 istis
480 316 575 346 cum
605 303 804 346 Eucherio
844 304 956 356 reici,
995 317 1121 358 quam
1151 317 1245 347 cum
1275 305 1365 347 istis
1396 318 1420 347 a
1450 306 1626 349 ueritate
1658 308 1776 349 dam-

275 371 378 413 nari.
429 373 499 414 sed
529 371 625 414 istic
656 384 765 414 nunc
796 373 911 415 locus
943 373 985 414 et
1016 375 1179 426 tempus
1210 375 1286 425 est,
1328 373 1375 415 ut
1405 374 1513 416 sicut
1543 387 1567 417 a
1596 374 1778 429 philoso-

274 439 369 493 phis
400 440 452 482 ad
481 441 738 493 tractatores,
771 441 831 482 sic
862 453 886 483 a
915 441 1209 485 tractatoribus
1242 442 1294 483 ad
1317 442 1579 485 authenticos
1601 443 1778 497 gradum

273 520 478 562 consequa
523 509 683 551 ratione
729 509 930 552 faciamus
973 512 1171 553 suadente
1213 512 1333 553 modo
1374 511 1535 553 scilicet
1570 511 1777 565 plerisque
1807 526 1824 552 ⁵

274 577 445 620 testium
477 578 630 620 tacitis.

996 736 1057 791 X.

273 865 411 896 TESTE
457 864 624 895 VTITVR
669 863 770 895 IPSA
815 864 978 894 DIVINA
1028 864 1269 895 SAPIENTIA
1314 864 1590 895 TESTIMONIA
1635 863 1777 894 PENES

841 933 1202 964 SCRIPTVRARVM.

327 1023 559 1066 Audiamus
603 1023 734 1079 igitur
779 1024 877 1077 quid
923 1024 1121 1078 imaginis
1168 1037 1266 1067 suae
1311 1026 1552 1078 pronuntiet
1596 1024 1774 1066 inimicis
1790 1036 1823 1062 ιο

271 1092 414 1134 diuina
435 1092 660 1146 sapientia:
694 1091 964 1144 dixerunt,
997 1094 1146 1148 inquit,
1178 1094 1313 1147 inpii
1344 1094 1649 1148 cogitantes
1680 1104 1777 1134 non

268 1163 430 1204 recte:
484 1161 723 1216 exiguum
775 1163 826 1204 et
872 1174 983 1203 cum
1029 1163 1204 1204 taedIO
1251 1165 1330 1204 est
1374 1164 1583 1215 tempus
1630 1161 1777 1203 uitae

269 1233 483 1272 nostrae
525 1232 574 1271 et
619 1229 938 1272 exstinctum
980 1231 1118 1272 cinis
1159 1231 1261 1272 erit
1302 1242 1488 1283 corpus
1530 1232 1776 1271 nostrum

269 1301 320 1340 et
356 1299 579 1352 spiritus
621 1298 962 1340 diffundetur
1002 1301 1262 1352 tamquam
1302 1299 1481 1341 mollis
1522 1310 1619 1341 aer.
1669 1297 1777 1351 inpii

269 1367 369 1410 haec
400 1380 495 1421 ergo
527 1367 733 1421 dixerunt,
766 1379 890 1420 super
920 1367 1012 1421 quis
1042 1367 1164 1421 paulo
1196 1370 1289 1421 post
1320 1368 1461 1410 eadem
1492 1369 1698 1421 scriptura
1719 1368 1821 1409 sic1⁵

267 1436 473 1490 loquitur:
506 1436 806 1478 excaecauit
832 1436 970 1479 enim
1001 1437 1126 1478 illos
1157 1437 1367 1478 malitia
1397 1449 1589 1485 eorum,
1622 1448 1775 1490 quon-

266 1505 368 1547 iam
418 1506 546 1547 deus
597 1506 805 1547 creauit
848 1506 1107 1548 hominem
1157 1505 1682 1548 inexterminabilem
1727 1503 1777 1544 et

267 1574 324 1617 ad
369 1574 654 1628 imaginem
698 1586 820 1616 suae
865 1574 1248 1616 similitudinis
1287 1574 1415 1617 fecit
1459 1574 1627 1615 illum.
1679 1572 1776 1614 istic

270 1655 345 1698 ego
375 1643 505 1685 temet
534 1643 579 1685 in
609 1642 891 1685 defensionem
921 1642 983 1684 tui
1017 1643 1152 1684 acrius
1183 1644 1510 1696 permouendum
1539 1642 1660 1684 credo
1680 1653 1775 1696 pro-

271 1723 348 1765 que
380 1723 528 1753 causae
558 1711 706 1753 merito
738 1711 780 1752 in
813 1724 878 1752 me
910 1711 1037 1753 etiam
1078 1711 1198 1753 istius
1230 1711 1343 1752 modi
1381 1710 1511 1752 ferme
1550 1712 1675 1753 uerba
1713 1709 1821 1752 fa-20

270 1780 455 1822 cturum:
499 1779 598 1833 quid
643 1782 690 1820 tu
734 1779 951 1821 undeunde
981 1780 1205 1821 contractis
1250 1779 1613 1822 testificationibus
1644 1779 1774 1820 uteris

268 1848 589 1903 haudquaquam
620 1850 762 1890 tamen
793 1849 970 1891 ueritate
1006 1849 1270 1902 pulsantibus
1301 1849 1578 1891 conscientiae
1608 1850 1774 1890 nostrae

402 1974 446 2008 11
473 1973 554 2018 Sap.
579 1973 612 2016 2,
639 1974 656 2009 1
683 1974 720 2008 et
743 1974 765 2008 3
906 1975 948 2008 16
974 1978 1054 2018 sap.
1081 1973 1113 2015 2,
1139 1973 1181 2008 21
1210 1975 1244 2008 et
1269 1973 1313 2008 23

335 2087 353 2121 1
379 2087 526 2121 monitis
550 2086 604 2129 R,
644 2086 774 2121 moniti
793 2087 838 2131 12²
954 2088 1098 2132 spernat
1122 2087 1159 2121 Β
1275 2088 1338 2121 aut
1362 2087 1398 2121 B
1521 2085 1775 2130 praeelegerim

265 2144 407 2188 scripsi,
444 2144 678 2189 praelegerem
696 2143 773 2187 OG,
809 2143 1060 2189 praeeligerem
1079 2144 1171 2186 Sela,
1209 2143 1420 2188 pre-ligerem
1437 2144 1494 2186 M,
1531 2143 1705 2189 pligerem
1722 2141 1774 2185 8²,

265 2201 481 2246 perlegerem
496 2201 573 2236 rell.
680 2200 702 2235 2
719 2212 798 2236 cum
815 2211 880 2236 om.
899 2201 936 2236 R
1040 2203 1195 2236 ueritate
1213 2201 1249 2236 R
1352 2201 1375 2235 3
1392 2212 1413 2236 3
1430 2211 1494 2236 om.
1513 2200 1684 2236 ABH¹R

267 2258 290 2292 4
314 2258 347 2303 a]
373 2258 418 2292 ad
441 2257 478 2293 R
616 2256 674 2302 ad]
701 2259 764 2292 aut
788 2257 959 2294 ABH¹R
1097 2268 1118 2292 a
1141 2257 1364 2303 philosophis
1389 2260 1425 2292 et
1449 2257 1706 2292 tractatoribus
1729 2256 1776 2291 ad

266 2314 493 2349 authenticos
516 2325 542 2359 p
656 2315 677 2349 5
703 2324 893 2359 consequar
917 2313 990 2349 Mb
1105 2315 1233 2349 faciam
1250 2314 1483 2357 ABDEFP,
1520 2325 1586 2350 om.
1610 2314 1684 2349 Mb

266 2371 412 2406 modum
435 2371 456 2406 b
570 2371 747 2416 plerisque
771 2371 871 2414 E2G,
907 2371 1140 2417 plurimisque
1158 2371 1203 2414 B,
1238 2371 1418 2416 plurisque
1443 2371 1522 2406 rell.
1653 2372 1694 2405 11
1720 2370 1775 2405 in-

265 2429 317 2473 pii
341 2428 461 2473 inquit
485 2428 572 2464 libri
590 2432 744 2473 praeter
772 2428 940 2464 CE²GM
1069 2428 1249 2473 cogitante
1272 2428 1308 2463 B
1449 2428 1492 2463 13
1518 2428 1714 2462 exstinctus
1741 2427 1776 2463 G

267 2483 348 2521 Sch.
481 2486 525 2520 14
541 2486 690 2531 spiritus
707 2496 773 2521 om.
791 2485 1063 2521 ABF¹HLRS
1185 2485 1399 2520 diffunditur
1414 2484 1689 2521 ABF¹HLRS

267 2554 311 2589 15
336 2564 418 2598 ergo
442 2553 527 2589 haec
549 2554 589 2589 D
715 2564 799 2599 ergo
825 2564 892 2590 om.
918 2554 1017 2596 Sola,
1056 2545 1094 2589 οἶ·
1117 2554 1213 2596 HL,
1255 2554 1358 2589 erunt
1383 2553 1420 2589 R
1546 2564 1634 2598 quos
1652 2564 1683 2598 p

265 2611 311 2645 16
334 2610 479 2645 illorum
503 2611 761 2647 ABGEFGR
890 2612 932 2646 19
958 2621 1042 2656 ergo
1067 2611 1222 2646 editores
1342 2611 1387 2645 21
1411 2611 1565 2646 alterum
1589 2610 1682 2645 unde
1705 2620 1773 2645 om.

264 2667 464 2703 ABDEM
599 2668 642 2703 de
674 2672 763 2704 ante
793 2668 987 2703 contractis
1011 2668 1143 2703 inserit
1175 2667 1267 2703 M²b
1404 2668 1448 2702 22
1480 2668 1617 2713 tamen]
1643 2668 1679 2702 et
1702 2677 1774 2702 nou

268 2727 305 2759 A
442 2724 635 2760 ueritatem
659 2725 731 2760 Mb
