1884 2998
196 121 277 164 136
706 117 949 153 Claudiani
973 116 1183 153 Mamerti

196 246 305 287 eius
336 244 433 296 rei,
466 256 591 297 quae
621 243 691 285 fit
722 255 941 297 semper,
965 254 1059 296 quo
1090 243 1235 285 modo
1267 242 1501 285 societur
1523 243 1692 285 anima

194 312 418 367 corpori,
449 314 506 355 ut
535 312 638 354 fiat
667 312 825 354 homo.
876 322 995 364 ergo
1033 322 1127 364 quo
1158 311 1303 353 modo
1335 322 1583 365 corporea
1611 324 1690 354 res

193 382 378 435 incorp
392 393 610 434 oreaque
657 379 1000 433 coniungitur
1044 383 1093 421 et
1138 380 1343 434 corpori
1389 381 1559 422 anima
1602 379 1690 422 mi-

194 451 369 491 scetur
398 449 454 491 ut
482 449 626 491 homo
659 448 954 501 efficiatur,
986 448 1064 490 ita
1093 448 1203 491 hom
1217 460 1238 490 o
1271 447 1583 491 coniunctus
1614 448 1694 490 est

194 518 282 561 deo
333 521 382 561 61
432 518 608 561 factus
657 518 735 560 est
795 517 1060 561 Christus:
1112 518 1160 559 et
1208 518 1377 559 tamen
1427 519 1484 559 ut
1533 516 1694 559 fieret
1723 529 1739 555 5

194 585 458 638 Christus,
511 587 603 629 duo
653 586 718 629 ill
734 598 758 628 a
815 586 1148 639 incorporea,
1198 585 1248 628 id
1298 589 1376 628 est
1426 586 1597 628 anima
1647 588 1694 629 et

194 655 320 697 deus
365 655 587 697 facilius
640 655 892 709 coniungi
933 655 1358 708 permiscerique
1397 656 1692 708 potuerint,

194 736 342 777 quam
387 724 642 766 miscetur
686 736 784 765 una
822 723 1129 777 incorporea
1167 724 1215 765 al
1229 723 1275 765 ia
1288 736 1382 777 que
1422 736 1692 778 corporea,

193 791 245 833 id
292 794 375 835 est
421 791 590 834 anima
635 794 684 834 et
728 804 931 846 corpus,
971 795 1026 834 ut
1056 804 1273 846 persona
1308 791 1533 834 hominis
1564 792 1694 834 exsi-

194 860 316 903 stat.
367 861 463 903 cedo
486 860 592 902 161111
612 873 720 903 6666
742 860 849 915 11168,
884 860 955 914 qui
977 873 1103 914 aeque
1126 860 1278 902 talibus
1302 860 1488 902 instituti
1509 861 1559 903 ab
1581 861 1693 903 hisce
1707 872 1741 899 ιο

193 929 390 971 doctrinis
412 929 764 983 degenerauerunt
783 941 949 984 pessum
969 929 1165 973 facientes
1187 929 1372 972 salubria
1393 942 1468 971 sua
1488 931 1529 971 et
1551 929 1694 972 alienis

193 998 325 1038 semet
354 998 483 1039 noxiis
514 998 777 1040 obnoxiantes
808 998 962 1040 iniusto
1003 998 1236 1040 amantium
1267 999 1331 1041 sui
1362 999 1454 1041 odio
1486 1010 1531 1040 eo
1563 1010 1692 1052 usque

193 1066 388 1120 prolapsi,
430 1067 479 1108 ut
519 1069 734 1109 extraneos
775 1067 948 1109 mallent
989 1080 1084 1109 cum
1125 1067 1310 1109 falsitate
1355 1066 1605 1121 praeeligere
1652 1068 1694 1109 et

193 1134 443 1176 Eucherium
474 1147 568 1176 cum
599 1135 778 1177 ueritate
809 1137 1015 1178 damnare.

251 1202 403 1245 Videas
436 1203 503 1245 hic
534 1204 637 1246 alios
669 1205 865 1258 quiddam
896 1203 1053 1246 socordi
1082 1204 1287 1246 trutinare
1317 1203 1482 1255 iudicio,
1516 1204 1618 1246 alios
1649 1202 1694 1245 id
1708 1214 1740 1242 15

193 1270 331 1323 ipsum
362 1273 434 1314 aut
465 1272 624 1314 nescios
655 1273 784 1314 stulto
815 1272 982 1314 laudare
1012 1273 1228 1326 praeconio
1261 1275 1333 1314 aut
1355 1273 1500 1315 sciolos
1522 1272 1692 1314 subdolo

193 1339 326 1381 ridere
364 1352 564 1382 consensu
604 1341 676 1383 hos
706 1341 815 1383 inter
844 1342 1002 1396 placere
1032 1341 1111 1384 sibi
1142 1341 1278 1391 illum,
1311 1354 1432 1395 quem
1463 1353 1581 1383 nemo
1612 1340 1694 1382 nisi

193 1408 266 1449 aut
296 1408 464 1463 ignarus
494 1409 683 1451 laudauit
714 1410 786 1452 aut
817 1409 1003 1452 callidus.
1045 1410 1111 1452 hic
1132 1410 1215 1451 iam
1235 1410 1425 1452 feruntur
1446 1411 1495 1452 de
1516 1409 1692 1465 singulis

194 1488 276 1518 non
306 1489 379 1531 pro
410 1479 665 1532 meritorum,
698 1479 768 1520 sed
798 1490 872 1532 pro
902 1480 1095 1521 uotorum
1128 1479 1329 1531 qualitate
1359 1478 1602 1528 sententiae,
1641 1477 1692 1520 ob

192 1545 360 1587 laudem
409 1548 671 1600 praesentum
722 1548 1011 1601 quorumpiam
1063 1548 1303 1589 rabularum
1352 1549 1472 1601 longe
1522 1546 1692 1590 maximi
1706 1557 1742 1583 20

194 1616 442 1657 damnantur
481 1618 681 1658 auctores.
732 1615 827 1658 istic
873 1616 945 1658 ille
984 1616 1178 1658 laudatus
1219 1629 1269 1657 ne
1310 1616 1419 1658 infra
1449 1615 1694 1658 laudantum

193 1682 385 1724 uideatur
424 1685 533 1725 stare
572 1684 787 1736 iudicium,
829 1684 1073 1738 panniculos
1115 1685 1313 1738 quosdam
1355 1697 1401 1726 ex
1433 1684 1694 1726 diuersorum

194 1751 310 1793 uaria
339 1751 514 1794 lectione
546 1753 755 1806 concerpit
787 1753 1031 1806 eosdemque
1059 1753 1213 1795 uilibus
1249 1755 1333 1796 suis
1363 1753 1497 1795 ueluti
1519 1751 1694 1806 quibus—

194 1818 292 1861 dam
332 1821 515 1874 stuppeis
557 1820 694 1862 adsuit
734 1821 949 1875 laceroque
989 1822 1148 1863 uestitu
1188 1822 1345 1876 turpior
1384 1821 1505 1863 nudis
1541 1822 1694 1875 absque

195 1888 326 1931 furaci
356 1889 626 1931 meditatione
656 1890 798 1932 mutus
830 1889 1090 1943 eloquentiae
1120 1890 1317 1944 palliatus
1340 1890 1508 1932 incedit.
1554 1902 1693 1931 cernas
1707 1900 1740 1927 2⁵

262 2069 285 2104 3
308 2071 345 2104 et
365 2080 409 2105 ex
426 2071 468 2104 ut
490 2071 548 2112 M,
585 2072 624 2105 at
648 2071 669 2105 b
786 2071 805 2105 7
830 2053 1013 2115 potuerint
1029 2072 1077 2112 B,
1115 2060 1256 2115 potuert
1276 2071 1389 2114 ELS,
1425 2072 1617 2116 potuerunt
1641 2070 1695 2104 Η2

196 2124 274 2161 8611.
412 2127 435 2162 8
458 2127 620 2161 161861161·
643 2127 679 2162 R
818 2128 861 2162 10
885 2128 985 2162 credo
1013 2128 1188 2163 G-azzand.
1326 2130 1370 2163 11
1395 2127 1696 2172 degenerauerant

188 2184 236 2226 1²²
374 2183 417 2217 12
453 2184 564 2218 noxiis
599 2184 725 2226 HMb,
750 2185 864 2219 noxis
900 2186 978 2220 rell.
1014 2189 1049 2220 et
1086 2185 1164 2221 Sch.
1303 2184 1540 2219 animantium
1577 2184 1607 2220 C

197 2240 240 2274 13
275 2240 489 2286 praeeligere
525 2242 671 2286 scripsi,
714 2243 910 2287 praeligere
946 2243 1164 2279 HLMRSb
1182 2243 1278 2284 Sela,
1318 2243 1460 2289 plegere
1496 2240 1695 2284 ABDEF,

194 2297 393 2341 praelegere
429 2297 495 2333 OG
641 2299 684 2333 15
719 2299 803 2333 hinc
839 2299 910 2334 Mb
1057 2301 1099 2334 17
1140 2300 1248 2334 rideri
1284 2300 1336 2343 R,
1385 2299 1532 2334 laudare
1572 2299 1606 2334 G

197 2354 239 2388 18
263 2354 414 2389 uidetur
437 2355 601 2390 laudabit
624 2356 854 2391 scribendum
999 2357 1045 2391 20
1068 2358 1307 2401 praesentium
1331 2356 1511 2392 AEGLS
1524 2355 1605 2392 Sch.

195 2412 442 2455 quarumpiam
460 2414 506 2457 20²
523 2412 601 2448 Seh,
722 2413 926 2448 rabularum
957 2414 1032 2456 OG,
1069 2414 1272 2449 fabularum
1295 2414 1369 2449 rell.
1395 2417 1429 2448 et
1454 2413 1607 2448 editores

195 2491 237 2525 21
264 2473 420 2526 laudatis
446 2493 476 2528 8
587 2494 813 2529 laudantium
841 2495 997 2530 GL²RS
1010 2495 1107 2537 Sela,
1148 2495 1333 2530 laudatum
1345 2506 1374 2540 p
1492 2495 1537 2529 24
1562 2495 1697 2539 stupeis

194 2547 246 2589 R,
287 2549 444 2593 struppis
475 2551 566 2585 coni.
599 2551 781 2587 Barthius
918 2552 1036 2586 adsint
1068 2552 1142 2586 Mb
1278 2553 1370 2586 nesti
1393 2552 1429 2586 A
1567 2552 1698 2597 absque

194 2605 293 2638 metu
329 2605 460 2640 furacis
497 2607 756 2643 mendicatione
788 2608 1010 2652 eloquentiae
1041 2610 1133 2644 coni.
1164 2609 1348 2644 Barthius
1502 2609 1547 2644 25
1581 2611 1697 2644 metus

196 2660 288 2725 Mb·
333 2718 373 2753 Ε
405 2662 605 2707 eloquentia
634 2666 676 2709 ρ’
813 2666 990 2710 palleatus
1024 2665 1304 2709 AGGHMRb,
1343 2666 1511 2710 pilleatus
1543 2665 1611 2701 LS

195 2728 308 2752 cernis
