1884 2998
603 70 662 106 De
686 71 813 106 statu
837 70 1009 106 animae
1040 70 1100 106 111
1126 70 1178 106 12.
1561 71 1640 113 177

139 198 218 240 duo
256 197 358 239 haec
396 208 520 250 quam
563 196 752 238 sollerter
797 195 948 237 discuti
993 196 1099 237 ratio
1144 194 1405 248 indagandae
1450 196 1639 239 ueritatis

137 266 340 320 exposcit:
392 267 464 307 aut
509 278 654 307 uerum
684 276 833 306 reuera
873 264 949 316 est,
989 265 1095 318 quod
1134 265 1372 318 incorporea
1401 265 1455 306 sit
1486 265 1638 318 anima,

137 336 174 377 si
204 335 282 377 hoc
313 335 449 388 ipsum
481 334 530 375 de
560 345 603 375 se
634 333 725 386 ipsa
755 332 960 375 ueraciter
990 333 1118 382 nouit,
1151 333 1223 375 aut
1253 333 1356 375 item
1386 346 1530 375 uerum
1562 333 1639 384 est,

139 404 247 458 quod
280 415 472 456 corporea
502 403 555 443 sit
585 401 739 450 anima,
772 402 808 442 si
837 399 881 442 id
900 413 1026 455 penes
1049 400 1212 443 animae
1234 403 1396 443 constat
1417 403 1640 444 auctorem.

110 472 211 514 sisti
256 484 399 513 uerum
440 471 584 512 dicunt
628 473 669 511 et
700 482 843 511 uerum
885 472 962 520 est,
994 469 1102 523 quod
1134 469 1274 512 anima
1304 470 1538 524 incorporea
1567 471 1636 522 sit,

138 540 235 594 quia
277 542 317 581 et
348 539 461 582 istud
490 538 534 580 in
564 538 740 580 ueritate
772 538 993 592 cognoscit,
1026 538 1069 579 et
1099 538 1202 579 item
1239 549 1383 580 uerum
1425 540 1499 590 est,
1532 539 1639 593 quod

139 608 278 650 anima
322 618 513 661 corporea
550 606 621 656 sit,
668 607 863 660 quoniam
902 606 1064 649 animae
1095 606 1252 649 creator
1287 606 1329 648 id
1370 606 1500 658 nouit,
1539 609 1639 649 duo-

136 689 214 730 que
245 676 287 717 et
317 675 523 719 contraria
561 686 853 729 usquequaque
894 674 975 716 sibi
1013 677 1055 716 et
1085 675 1258 728 utraque
1298 687 1393 718 uera
1424 687 1513 717 esse
1543 687 1636 717 con-

137 744 329 796 tendunt,
368 756 462 786 cum
501 756 647 786 uerum
678 743 759 786 nisi
791 743 895 785 falso
926 744 1178 786 contrarium
1210 755 1292 785 non
1323 743 1393 785 sit.
1445 744 1636 786 inlustris

92 830 123 854 ιο
137 814 356 855 admodum
389 825 436 856 ac
466 813 679 867 praeclara
718 812 959 867 disputatio,
1000 824 1103 866 quae
1139 813 1239 855 dum
1270 825 1394 855 unam
1425 813 1637 867 solamque

137 882 360 923 ueritatem
399 882 556 936 spernit
594 882 695 924 duas
727 881 807 923 sibi
838 881 1038 923 ueritates
1069 881 1242 924 inuenit.
1289 884 1336 924 ut
1366 885 1505 925 tamen
1536 882 1637 925 istos

135 949 399 1004 professionis
438 963 536 993 suae
565 950 736 993 nexibus
767 953 942 1003 teneam,
982 963 1106 1004 penes
1137 950 1348 994 hominem
1377 950 1478 1005 ipsis
1509 952 1636 994 etiam

134 1019 364 1062 fatentibus
395 1020 657 1073 incorporeus
688 1022 749 1062 est
786 1019 991 1061 humanus
1023 1021 1197 1062 animus.

191 1099 395 1152 Quoniam
426 1100 555 1154 igitur
585 1112 706 1153 super
737 1099 814 1142 hac
844 1099 961 1143 nobis
998 1099 1250 1154 quaestionis
1279 1101 1397 1153 parte
1427 1099 1633 1152 conuenit,

88 1184 119 1208 ιε»
134 1169 260 1210 restat
290 1170 338 1210 ut
368 1168 537 1210 doceant
569 1169 772 1222 quatenus
803 1168 1071 1222 incorporalis
1103 1168 1336 1211 substantia
1356 1167 1422 1210 illi
1444 1180 1635 1222 corporea

133 1237 201 1288 sit,
249 1237 319 1290 qui
360 1238 532 1279 eandem
572 1237 854 1291 incorpoream
895 1237 1064 1280 creauit.
1121 1250 1195 1280 nec
1233 1239 1412 1291 primum
1451 1237 1542 1279 dico
1572 1237 1636 1279 ita

132 1305 186 1346 sit
217 1318 357 1359 necne,
389 1306 460 1347 sed
491 1305 535 1347 in
566 1306 895 1360 praesentiarum
924 1305 986 1348 ita
1017 1318 1103 1348 esse
1134 1307 1323 1358 concedo,
1356 1306 1462 1348 unde
1492 1308 1634 1348 tamen

131 1373 190 1416 ita
221 1386 307 1415 esse
339 1375 530 1416 nouerint
560 1387 724 1428 quaero.
777 1376 813 1417 si
843 1375 887 1417 id
918 1374 1152 1417 diuinorum
1189 1375 1448 1417 uoluminum
1488 1374 1634 1417 literae

132 1442 345 1484 continent
393 1443 546 1497 legant,
599 1442 634 1483 si
685 1443 902 1496 quaepiam
952 1443 1213 1485 ratiocinatio
1260 1443 1405 1485 suadet
1448 1442 1630 1494 doceant,

82 1512 165 1552 20si
209 1511 454 1553 dialecticen
494 1512 612 1553 iuuat
653 1524 836 1554 exercere
878 1512 1137 1554 conuincant.
1175 1513 1208 1554 si
1239 1513 1384 1554 horum
1418 1511 1524 1553 nihil
1556 1514 1631 1563 est,

130 1580 268 1622 saltim
303 1581 529 1623 sententiae
561 1581 788 1623 concedant
819 1593 928 1632 suae,
950 1582 998 1622 ut
1023 1582 1092 1634 qui
1122 1581 1165 1622 in
1197 1594 1239 1623 se
1270 1580 1499 1635 incorporei
1537 1582 1633 1622 sunt

130 1660 211 1690 non
254 1649 368 1690 extra
398 1661 440 1690 se
472 1660 682 1702 corporeos
714 1661 756 1691 se
788 1661 872 1691 esse
913 1648 1096 1700 credant,
1148 1649 1246 1703 quia
1286 1649 1397 1691 aliud
1439 1652 1553 1691 extra
1589 1661 1632 1691 se

130 1728 217 1759 esse
259 1728 339 1758 non
379 1719 516 1771 potest
557 1717 626 1771 qui
672 1718 787 1759 extra
817 1729 861 1759 se
891 1717 996 1759 nihil
1027 1729 1113 1759 esse
1144 1718 1294 1771 potest.
1345 1718 1515 1771 proinde
1545 1719 1630 1760 ani-

130 1797 234 1837 mus,
267 1785 338 1839 qui
368 1785 411 1827 in
442 1797 485 1828 se
515 1785 603 1840 ipso
634 1786 897 1840 incorporeus
930 1786 1005 1837 est,
1047 1799 1306 1840 nequaquam
1346 1787 1485 1840 potest
1519 1788 1634 1828 extra

80 1871 116 1897 25
129 1866 171 1896 se
202 1866 287 1895 esse
320 1865 549 1907 corporeus,
582 1854 679 1907 quia
709 1866 785 1896 nec
816 1856 960 1897 auctor
992 1854 1078 1897 eius
1109 1855 1221 1897 aliud
1252 1854 1374 1897 illum
1406 1855 1523 1896 nouit
1544 1867 1630 1897 esse

199 2046 215 2080 1
255 2045 314 2080 sed
350 2048 435 2080 ante
472 2045 540 2080 duo
575 2046 744 2081 inserimt
778 2045 1005 2082 ABDEFR
1030 2046 1108 2082 Seli.
1279 2046 1471 2092 indagante
1514 2048 1543 2084 0

126 2104 149 2136 3
188 2103 261 2146 ipse
297 2102 479 2144 ABH1R,
523 2113 587 2138 om.
626 2102 741 2137 DEF
877 2103 1050 2138 ueraciter
1084 2104 1126 2139 de
1158 2115 1192 2138 se
1223 2105 1300 2149 ipsa
1336 2104 1366 2140 S
1501 2106 1522 2141 5
1558 2106 1629 2141 istu

128 2159 163 2193 Α.
301 2160 322 2194 6
354 2159 452 2194 istud
478 2160 573 2203 Mb,
598 2160 715 2204 ipsum
740 2160 815 2194 rell.
842 2163 877 2195 et
901 2160 979 2195 Seli.
1120 2162 1286 2206 cognouit
1317 2162 1366 2203 L,
1407 2173 1447 2197 ea
1471 2163 1631 2207 agnoscit

127 2217 306 2251 Barthius
444 2217 463 2250 7
494 2217 561 2251 duo
587 2217 731 2261 quidem
758 2217 857 2260 Sch.,
898 2217 964 2252 duo
989 2228 1093 2262 quem
1118 2218 1154 2254 R
1293 2219 1314 2252 8
1340 2219 1388 2263 et]
1415 2219 1478 2264 hec
1506 2220 1539 2254 G

125 2273 196 2307 sibi
222 2283 472 2318 usquequaque
498 2273 527 2309 S
664 2274 712 2319 et]
739 2274 802 2308 hec
827 2275 862 2308 Β
1003 2275 1040 2309 11
1068 2275 1160 2310 istuc
1183 2275 1303 2318 ADF,
1345 2276 1450 2310 istius
1474 2276 1629 2318 HLRS,

125 2331 208 2365 istic
234 2341 277 2365 ex
301 2330 419 2365 istunc
443 2331 478 2365 Β
605 2331 646 2365 12
671 2331 772 2374 pedes
797 2331 956 2366 D²E¹F²
975 2331 1055 2367 Βοὴ.
1172 2332 1354 2366 hominum
1379 2332 1463 2367 libri
1480 2337 1630 2376 praeter

132 2387 299 2423 CE²GM
322 2391 355 2422 et
381 2387 461 2424 Sch.
600 2389 708 2422 etiam
741 2398 806 2423 om.
839 2389 875 2424 R
894 2388 974 2423 Seh.
1123 2390 1165 2423 15
1196 2390 1400 2433 incorporea
1432 2389 1538 2425 BCR

128 2445 169 2478 17
195 2444 548 2489 impraesentiharum
580 2444 610 2479 O
728 2445 874 2480 concede
898 2446 934 2481 R
1060 2446 1102 2480 18
1126 2446 1264 2479 nouerit
1289 2446 1542 2482 ABCHLRS

127 2501 169 2535 19
195 2501 359 2545 quepiam
385 2500 415 2535 S
525 2501 719 2536 rationatio
744 2502 818 2537 AG
936 2502 981 2536 20
1005 2502 1108 2536 iubat
1134 2502 1326 2543 CG¹H¹R‚
1370 2502 1491 2537 iubeat
1514 2504 1628 2539 ABD

124 2558 217 2592 E¹F
351 2558 393 2593 21
433 2558 560 2593 saltem
592 2559 737 2594 EFMb
755 2559 834 2594 Sch.
892 2603 896 2606 .
973 2560 1129 2604 corporei
1159 2570 1188 2603 p
1327 2560 1372 2593 22
1407 2561 1627 2605 incorporeos

118 2616 166 2659 20²
289 2625 363 2650 esse
387 2626 422 2650 se
447 2615 532 2650 libri
550 2619 700 2660 praeter
727 2616 810 2652 GM
935 2616 1129 2651 credant—-
1141 2616 1201 2660 qni
1226 2617 1323 2650 extra
1348 2627 1384 2650 se
1409 2627 1472 2651 om.
1502 2616 1535 2651 R

125 2673 169 2707 25
195 2671 255 2716 qui
279 2671 315 2706 Β

195 2739 256 2774 XI.
1449 2741 1490 2775 12
