1884 2998
264 140 322 183 20
781 138 1028 175 Claudiani
1052 138 1258 174 Mamerti

324 264 534 308 Secundus
573 265 667 320 post
701 265 953 320 principium
996 265 1045 307 de
1083 277 1289 317 mensura,
1321 278 1490 309 numero
1521 269 1563 309 et
1593 268 1774 321 pondere

266 346 345 376 non
391 333 518 376 otiose
559 334 600 376 et
638 334 700 376 uti
746 334 915 376 autumo
958 345 1038 376 non
1083 333 1340 377 infructuose
1380 334 1588 386 dissertat,
1631 335 1704 377 ubi
1736 337 1770 379 si

266 402 454 456 cognitor
473 401 581 444 adsit
602 401 801 454 intentus,
835 402 911 444 sub
934 402 1184 445 adminiculo
1205 403 1376 457 pietatis
1398 417 1468 458 per
1490 404 1769 446 differentium

267 471 549 513 creaturarum
587 473 738 525 gradus
784 470 835 512 ad
874 482 1002 524 usque
1042 471 1285 513 nonnullam
1329 472 1543 513 creatricis
1584 471 1769 514 omnium

265 539 469 582 trinitatis
501 539 536 582 si
566 552 646 582 non
676 539 760 581 iam
782 539 1029 581 felicitatem
1052 540 1404 593 contemplandae,
1430 541 1541 582 certe
1561 540 1770 582 robustius
1806 555 1826 580 5

266 608 489 651 credendae
520 608 732 663 perueniet
764 607 1020 650 firmitatem.
1071 609 1263 662 posthinc
1294 611 1407 651 totus
1439 621 1569 662 usque
1600 611 1651 651 ad
1682 623 1770 651 me-

266 680 354 719 tam
385 677 451 719 sui
480 676 588 719 liber
618 676 798 719 testibus
829 677 976 719 utitur.

323 757 488 800 Tertius
527 758 833 811 aliquantulum
872 759 914 799 in
953 758 1018 799 sui
1057 756 1282 812 primordio
1315 759 1647 812 argumentatur,
1678 758 1774 811 post

266 826 425 868 saucios
458 839 505 868 ex
535 826 708 868 aduersa
748 826 832 869 acie
864 826 1054 880 palantes
1086 826 1335 880 insequitur,
1370 829 1535 868 demum
1566 838 1663 869 uero
1696 838 1772 868 nec

266 897 508 949 aspernatur
545 907 700 949 pacem,
743 908 816 937 nec
857 895 1095 938 conflictum
1135 896 1286 937 metuit
1326 895 1583 938 aduersantis
1625 895 1770 949 ignoti.
1787 913 1823 939 10

323 975 386 1016 En
425 975 578 1030 legisti,
613 975 895 1019 eruditissime
927 978 1125 1026 uirorum,
1164 976 1271 1029 quod
1303 976 1535 1018 lectitabis:
1575 976 1622 1017 tu
1652 977 1772 1018 modo

265 1043 369 1085 faxis
418 1044 482 1086 uti
531 1045 770 1087 memineris
821 1057 901 1087 non
953 1045 1105 1099 absque
1156 1057 1254 1086 cura
1299 1044 1364 1086 tui
1409 1044 1528 1099 prodi
1574 1046 1771 1098 oportere,

266 1112 373 1167 quod
410 1113 612 1168 publicari
651 1114 781 1157 iubes.
833 1127 962 1169 neque
1004 1126 1077 1169 ego
1118 1114 1167 1155 de
1207 1114 1365 1168 negotii
1395 1114 1588 1167 pondere,
1623 1113 1692 1154 sed
1724 1115 1773 1155 de

267 1182 441 1224 actionis
473 1182 647 1225 leuitate
670 1182 966 1226 dubitauerim.
1013 1182 1183 1236 proinde
1207 1183 1427 1224 consilium
1448 1183 1568 1224 tuum
1592 1181 1772 1224 adserito

267 1253 308 1293 et
340 1250 609 1293 defensitato:
643 1252 850 1305 quoniam,
885 1252 919 1293 si
942 1251 985 1293 in
1007 1251 1070 1293 his
1094 1263 1210 1293 secus
1235 1251 1409 1304 aliquid,
1432 1263 1505 1304 ego
1528 1249 1772 1303 conscripti·
1792 1265 1825 1291 15

268 1320 357 1362 onis
388 1319 671 1374 periclitabor,
704 1321 774 1362 sed
806 1322 852 1361 tu
885 1319 1092 1362 editionis
1144 1320 1237 1361 uale
1270 1322 1311 1362 et
1342 1320 1436 1375 uige
1460 1320 1578 1363 bonis
1600 1319 1773 1372 uiribus,

269 1388 422 1431 ueteris
452 1390 668 1443 reparator
699 1389 967 1442 eloquentiae.

334 1581 356 1615 2
389 1582 430 1615 ut
469 1581 546 1617 OM
681 1582 856 1625 disceptat
882 1582 927 1626 10²
1066 1581 1141 1626 ubi]
1174 1582 1230 1615 uti
1262 1580 1431 1616 Schottus
1570 1581 1623 1615 sill
1657 1580 1687 1615 S

265 1640 286 1673 3
323 1638 561 1674 differentiam
599 1639 618 1674 b
769 1640 791 1674 5
827 1638 1000 1674 felicitate
1043 1639 1162 1681 OMb,
1210 1638 1399 1674 felicitatis
1436 1638 1473 1673 R
1619 1638 1776 1672 contem·

265 1696 389 1740 plaudi
425 1696 498 1731 Mb
648 1696 815 1731 robustus
851 1697 888 1731 B
1042 1698 1063 1731 6
1100 1696 1267 1731 credendi
1308 1696 1383 1731 OM
1391 1696 1410 1730 b
1561 1696 1643 1739 post
1680 1693 1777 1729 hunc

266 1753 340 1789 HS
491 1753 513 1788 8
550 1752 744 1797 primordia
780 1753 981 1790 AB²HRS
997 1753 1096 1796 Sela,
1144 1753 1349 1799 primordiis
1394 1753 1428 1788 G
1581 1753 1603 1787 9
1640 1751 1776 1786 sautios

265 1810 336 1847 RS
469 1810 628 1856 palentes
661 1810 697 1846 R
836 1810 879 1846 10
908 1810 1131 1846 adum-santis
1164 1821 1228 1846 om.
1265 1810 1299 1847 G
1438 1810 1480 1845 11
1514 1808 1702 1844 lectitabas
1726 1808 1774 1851 B,

265 1867 376 1903 lectui
409 1867 511 1903 dabis
542 1868 637 1903 coni.
671 1867 854 1903 Bartbius
993 1868 1036 1902 12
1067 1867 1154 1902 fasis
1187 1868 1223 1903 R
1360 1866 1453 1902 faxis
1486 1866 1553 1912 uti]
1587 1865 1644 1900 fac
1668 1864 1776 1900 sicuti

267 1924 340 1959 Mb
456 1923 596 1970 prodire
619 1934 644 1969 p
763 1925 805 1960 13
830 1923 1010 1969 publicare
1034 1924 1279 1961 ABG¹DEF
1401 1924 1442 1959 15
1468 1923 1777 1969 conscriptione—

266 2004 428 2040 editione
452 2004 472 2040 b
611 2005 654 2041 16
678 1986 926 2050 periclitabero
950 2005 1012 2050 M,
1054 2005 1301 2050 periclitauero
1327 2005 1346 2040 b
1478 2004 1538 2040 sed
1564 2004 1665 2046 libri,
1709 2014 1780 2039 om.

268 2062 424 2098 editores
562 2064 644 2097 tuac
669 2062 818 2097 ditionis
843 2063 880 2099 R
1017 2062 1156 2098 uiribus
1184 2063 1282 2105 GM,
1322 2062 1411 2097 uiris
1435 2062 1513 2099 rell.
1538 2072 1619 2097 cum
1643 2061 1717 2096 PT
1739 2064 1777 2096 et

265 2119 349 2156 Βοὴ.
490 2119 530 2155 17
556 2120 791 2166 eloquentiae]
815 2129 989 2155 nxmcrr
1014 2130 1204 2156 PROLOGVS
1229 2120 1314 2156 add.
1341 2119 1479 2157 OHRS
