1884 2998
658 82 716 117 De
741 85 867 119 statu
889 85 1058 121 animae
1082 85 1101 121 Ι
1125 85 1180 121 20.
1613 91 1669 134 69

165 209 368 262 quatenus
398 206 536 249 anima
567 219 641 249 nec
672 208 895 260 quantitati
924 209 1107 252 subiacet
1127 212 1384 263 disseramus,
1426 212 1665 267 quamlibet,

166 275 240 317 ubi
270 274 461 318 localitas
491 287 570 317 non
602 276 679 326 est,
720 276 932 329 quantitas
964 289 1051 319 esse
1082 290 1163 320 non
1193 279 1334 332 possit,
1367 281 1465 334 quia
1494 282 1573 324 sibi
1602 282 1663 324 ita

166 344 312 386 mutuo
343 343 443 385 haec
473 344 615 385 eadem
645 355 748 385 nexa
777 347 887 397 sunt,
918 347 965 386 ut
996 348 1069 387 aut
1100 346 1321 400 utrumque
1353 348 1393 390 in
1419 349 1555 403 aliquo
1577 362 1662 392 esse

166 413 298 466 possit
342 415 415 454 aut
459 413 667 454 neutrum.
730 424 775 454 ex
825 412 911 454 illis
963 414 1242 457 Aristotelicis
1293 418 1509 470 categoriis
1558 417 1663 460 nulli

123 496 144 523 ⁵
166 493 333 535 prorsus
372 480 559 523 subiacet
599 481 777 522 essentia
814 480 968 531 diuina,
1017 495 1158 524 rursus
1195 483 1335 525 anima
1370 484 1550 527 humana
1580 497 1662 527 non

167 549 359 592 omnibus
399 549 596 599 subiacet,
648 560 766 602 porro
807 560 953 603 corpus
989 550 1203 603 quodlibet
1243 551 1430 594 subiacet
1461 553 1659 595 omnibus.

167 630 265 659 nam
297 618 346 660 de
379 618 452 661 deo
484 630 563 659 non
596 616 773 659 dicimus
805 617 939 671 qualis
971 619 1043 669 est,
1078 619 1176 673 quia
1196 631 1276 661 non
1298 621 1433 672 potest
1453 621 1665 674 conparari

166 688 285 740 quasi
327 687 379 727 ad
418 685 547 734 aliud,
589 686 636 727 ut
667 685 854 727 dicatur:
893 686 992 728 talis
1034 687 1107 728 est.
1159 699 1231 729 nec
1271 687 1447 730 dicimus
1491 692 1666 741 quantus

167 758 243 805 est,
286 755 382 808 quia
425 767 506 798 non
544 755 652 796 mole
691 767 868 809 magnus
909 757 985 806 est,
1026 767 1102 797 nec
1133 756 1231 809 quid
1262 756 1398 807 habet,
1439 757 1534 811 quia
1562 756 1666 798 nihil

118 842 153 867 ιο
169 836 252 865 non
283 823 420 873 habet,
453 835 528 864 nec
558 835 637 876 quo
667 825 786 865 modo
817 823 892 873 est,
926 824 1024 876 quia
1054 823 1139 877 ipse
1170 824 1316 866 modus
1349 826 1424 876 est,
1457 838 1530 866 nec
1550 825 1665 867 habi-

168 892 262 934 tum
301 892 389 933 eius
430 890 694 944 inquirimus,
736 891 834 946 quia
873 891 1057 933 continet
1095 892 1244 946 omnia,
1285 905 1360 934 nec
1391 893 1540 943 locum,
1572 893 1668 946 quia

167 973 249 1003 non
289 960 370 1002 nisi
409 972 552 1013 corpus
591 960 634 1001 in
673 959 760 1002 loco
799 960 872 1010 est,
903 971 979 1001 nec
1017 962 1193 1013 tempus,
1234 961 1330 1014 quia
1360 957 1665 1014 sempiternitas

167 1031 243 1081 est,
290 1041 365 1071 nec
412 1030 565 1079 actum,
613 1030 807 1082 quoniam
849 1028 1012 1081 quietus
1052 1028 1152 1083 agit,
1191 1041 1264 1070 nec
1293 1029 1536 1083 passionem,
1569 1031 1666 1083 quia

166 1110 248 1140 non
285 1098 458 1151 patitur.
510 1097 596 1139 iam
634 1097 806 1147 decima,
846 1097 974 1138 immo
1013 1097 1149 1150 prima
1187 1099 1249 1139 est
1296 1098 1385 1151 ipsa
1422 1098 1664 1149 substantia,

119 1187 153 1214 15
167 1168 217 1209 de
248 1179 328 1220 qua
358 1167 457 1208 haec
487 1165 818 1219 praedicamenta
848 1165 1058 1207 texuntur.

861 1344 969 1400 XX.

472 1470 595 1509 QVOD
626 1471 772 1501 ANIMA
812 1471 1107 1510 QVALITATEM
1137 1470 1360 1502 RECIPIAT.

223 1562 417 1605 Humana
467 1574 563 1604 uero
609 1562 747 1604 anima
798 1563 907 1605 sicut
951 1562 1226 1616 quantitatem
1272 1575 1352 1605 non
1397 1563 1555 1617 recipit,
1606 1562 1667 1605 ita

166 1632 352 1674 subiacet
390 1632 597 1685 qualitati.
646 1644 743 1673 nam
782 1631 816 1673 si
857 1631 906 1673 de
937 1632 1130 1686 quopiam
1170 1631 1288 1685 quale
1319 1632 1374 1673 sit
1404 1643 1548 1685 corpus
1578 1632 1665 1674 eius

114 1718 152 1744 20
165 1700 430 1754 inquirimus,
463 1701 521 1742 sic
551 1700 751 1742 uidelicet
781 1699 959 1753 qualitas
990 1699 1168 1753 corporis
1198 1699 1426 1742 indicatur:
1451 1699 1582 1742 flauus
1604 1701 1666 1741 est

164 1769 251 1819 ille,
283 1769 489 1811 coloratus
521 1770 596 1823 est,
630 1768 761 1822 pallet
792 1769 865 1810 ille
896 1769 963 1810 uel
995 1769 1112 1823 niger
1134 1769 1210 1811 est.
1258 1770 1319 1810 sin
1339 1779 1436 1810 uero
1457 1768 1507 1809 de
1529 1768 1667 1810 anima

166 1837 440 1890 consulamus,
481 1838 542 1880 ita
580 1837 699 1880 nobis
739 1836 917 1890 qualitas
957 1836 1044 1879 eius
1084 1836 1336 1878 ostenditur:
1375 1836 1552 1890 superba
1589 1837 1663 1886 est,

165 1906 337 1948 humilis
369 1908 444 1956 est,
476 1906 684 1957 iracunda,
716 1904 947 1959 tranquilla
977 1905 1052 1959 est,
1084 1905 1208 1946 ualde
1239 1904 1432 1946 meminit
1467 1906 1538 1945 aut
1559 1904 1663 1947 cele-

165 1976 269 2018 riter
301 1975 573 2018 obliuiscitur.
626 1976 836 2029 quantitas
867 1973 1015 2015 itidem
1046 1973 1226 2027 corporis
1256 1972 1292 2015 si
1324 1974 1554 2026 quaeratur,
1577 1972 1665 2014 iure

237 2159 252 2193 1
293 2168 337 2193 ne
373 2155 446 2192 Mb
586 2156 802 2201 quantitatis
838 2156 891 2199 R,
937 2132 1139 2201 quantit-,aui
1177 2154 1207 2190 S
1340 2151 1547 2198 quamlibet]
1583 2151 1667 2186 licet

162 2217 203 2251 et
230 2217 284 2260 ρ’,
324 2215 409 2249 licet
440 2214 513 2250 PT
529 2213 608 2249 Sch.
641 2214 684 2248 in
707 2214 805 2249 notis
942 2213 964 2247 3
1000 2212 1133 2247 adnexa
1165 2211 1342 2246 Barthius
1479 2209 1563 2253 esse]
1596 2217 1666 2242 non

163 2272 251 2308 add.
277 2272 313 2306 A
450 2271 473 2305 4
498 2270 692 2314 catagoriis
717 2270 753 2306 R
885 2270 906 2305 6
931 2268 1117 2314 quodlibet
1142 2278 1267 2313 corpus
1293 2267 1323 2302 S
1449 2265 1472 2299 8
1496 2265 1571 2309 nec]
1597 2274 1666 2298 non

165 2329 358 2365 ABDEF
493 2328 534 2363 11
561 2328 646 2372 quia
670 2327 832 2362 continet
855 2328 974 2362 omnia
998 2337 1065 2361 om.
1090 2326 1127 2361 R
1267 2324 1308 2359 14
1333 2323 1501 2358 decimam
1526 2321 1575 2357 R¹

166 2387 210 2422 17
241 2385 403 2431 recipiat]
436 2385 677 2430 quantitatem
702 2394 772 2418 non
806 2394 885 2419 cum
910 2382 1020 2419 ABR
1044 2382 1128 2418 add.
1154 2382 1215 2425 M,
1255 2381 1319 2425 qui
1341 2382 1529 2424 praeterea
1553 2377 1668 2413 adicit

163 2442 344 2479 claudiani
425 2442 578 2487 capituli
594 2441 741 2476 initium
759 2452 783 2475 α
800 2451 885 2476 uoce
902 2440 1044 2476 demum
1062 2440 1124 2475 lin.
1142 2440 1194 2474 23
1210 2438 1392 2483 quantitas
1407 2434 1515 2471 sumit
1532 2434 1580 2469 M

167 2501 210 2535 18
235 2500 307 2535 ista
331 2499 379 2535 M
509 2498 552 2533 19
577 2499 608 2532 si
633 2498 720 2541 Mb,
760 2508 825 2532 om.
855 2498 898 2540 G,
935 2498 1028 2532 sicut
1051 2496 1126 2531 rell.
1256 2494 1297 2528 21
1324 2493 1501 2527 coloratus
1525 2490 1666 2534 scripsi,

162 2556 328 2592 oculatus
353 2555 440 2591 libri
464 2558 498 2590 et
523 2554 621 2597 Sela,
663 2554 804 2599 aquilus
829 2554 1008 2589 Barthius
1123 2550 1277 2597 pallidus
1300 2550 1319 2583 b
1442 2547 1487 2582 23
1511 2549 1564 2582 est
1585 2550 1666 2590 post

162 2617 360 2681 ‘tranquilla
376 2646 443 2671 om.
469 2635 489 2670 b
605 2634 650 2668 24
674 2610 825 2678 qua1i¹tas
850 2633 880 2668 S
991 2629 1240 2676 quantitatisit
1256 2627 1350 2663 idem
1374 2626 1410 2662 R
1525 2624 1663 2668 itidem}

164 2692 340 2738 siquidem
366 2692 438 2728 Mb
579 2702 706 2736 corpus
730 2691 782 2726 R²
