1884 2998
621 99 680 134 De
703 101 834 135 statu
858 100 1031 143 animae
1061 101 1080 136 1
1104 102 1158 137 11.
1468 117 1474 123 ·
1588 105 1642 147 51

848 222 932 278 XI.

135 350 262 391 QVOD
301 350 428 381 OMNE
468 348 797 381 INCORPOREVM
841 349 943 380 SIVE
982 349 1258 381 CORPOREVM
1296 351 1521 392 QVIDva
1560 354 1642 386 EST

723 416 936 448 CREATVM
973 418 1067 448 EST.

198 511 301 552 Post
340 510 442 552 haec
473 509 778 563 argumentaris
810 521 858 551 ac
889 509 1004 561 dicis,
1045 509 1249 552 idcirco
1280 510 1643 565 incorporeum

103 580 376 619 screatum
421 577 496 619 nil
542 589 675 629 esse,
716 578 837 631 quia
876 578 1130 632 quidquid
1169 578 1359 621 factori
1398 591 1488 622 suo
1530 594 1643 624 con-

134 646 508 701 prehensibile
569 646 641 688 sit
703 646 1067 699 incorporeum
1127 659 1241 689 esse
1300 651 1425 689 non‘
1462 650 1642 702 possit.

137 717 214 759 sub
246 715 325 758 hac
357 726 453 769 ergo
483 714 645 757 ratione
677 714 764 768 ipse
796 713 878 756 sibi
908 714 1008 756 deus
1038 714 1208 769 ignotus
1239 715 1320 757 est:
1342 716 1414 769 qui
1434 717 1469 758 si
1489 716 1641 760 idcirco

135 784 422 837 incorporeum
460 782 565 825 nihil
606 782 777 832 creauit,
816 795 867 824 ne
898 783 1056 837 aliquid
1087 783 1272 825 creatum
1303 784 1498 827 notitiam
1529 797 1642 828 crea-

136 852 239 894 toris
286 851 514 902 excederet,
562 863 657 892 cum
702 851 771 893 uel
804 862 1043 905 corporeum
1087 851 1155 893 uel
1206 852 1491 905 incorporeum
1540 854 1643 896 nihil

91 940 123 964 ιο
137 921 221 962 nisi
251 922 519 974 praecedente
550 919 724 962 scientia
756 919 935 962 creantis
965 919 1182 975 exstiterit,
1205 920 1402 963 uidelicet
1423 921 1518 975 quia
1538 921 1645 963 nihil

136 989 322 1031 nesciens
354 988 467 1040 fecit,
496 1001 539 1030 se
563 988 701 1042 ipsum
733 1000 828 1043 ergo
859 1000 958 1041 prae
981 989 1173 1031 omnibus
1196 988 1341 1044 nescit,
1365 991 1434 1043 qui
1454 991 1643 1046 incorpo-

136 1058 281 1100 raliter
320 1058 535 1100 antecellit
575 1070 740 1100 omnem
787 1057 1062 1100 substantiam
1103 1070 1227 1111 quam
1266 1058 1436 1110 creauit,
1487 1071 1535 1101 30
1574 1072 1646 1113 per

135 1126 213 1169 hoc
244 1125 376 1168 maior
406 1138 448 1168 se
479 1127 568 1179 ipso
600 1126 674 1175 est,
707 1125 778 1179 qui
816 1125 881 1167 sui
911 1137 1038 1179 capax
1067 1134 1147 1168 non
1179 1127 1253 1168 est.
1305 1129 1412 1180 quod
1443 1127 1542 1181 quia
1561 1129 1644 1170 dici

135 1194 296 1237 ratione
321 1207 402 1236 non
433 1194 600 1246 sinitur,
634 1206 885 1248 consequens
919 1194 993 1244 est,
1024 1197 1073 1236 ut
1103 1194 1195 1236 ideo
1216 1194 1501 1249 incorporeum
1523 1197 1644 1250 quip-

90 1280 122 1305 15
136 1264 249 1317 piam
280 1275 361 1305 non
392 1262 608 1317 creauerit,
641 1275 692 1304 ne
723 1262 803 1305 sibi
835 1263 1021 1305 creatum
1051 1263 1211 1316 aliquid
1242 1263 1644 1318 inconprehensibile

137 1344 226 1374 esse
267 1332 410 1385 possit,
454 1343 550 1373 cum
591 1331 680 1384 ipse
720 1344 908 1374 summus
948 1332 1211 1385 incorporeus
1247 1331 1327 1373 sibi
1357 1333 1524 1387 ignotus
1555 1345 1644 1375 esse

136 1412 217 1442 11011
247 1399 390 1453 possit.
438 1399 534 1441 uide
564 1412 688 1453 quam
719 1412 846 1454 paruo
869 1400 1033 1455 negotio
1055 1400 1245 1442 ueritatis
1268 1400 1377 1442 calor
1398 1400 1641 1455 frigentium

135 1469 359 1511 uerborum
390 1471 557 1523 pruinas
586 1468 841 1523 liquefaciat.
893 1472 933 1511 et
979 1481 1075 1511 cum
1119 1468 1351 1511 discernere
1395 1481 1572 1523 nequeas
1617 1483 1642 1512 a

134 1539 272 1580 creato
315 1538 548 1589 materiam,
591 1539 643 1581 ab
673 1538 840 1580 informi
870 1538 1109 1590 formatum,
1143 1539 1193 1581 ab
1223 1549 1314 1580 aere
1343 1538 1550 1594 spiritum,
1582 1539 1642 1582 sic

88 1624 123 1650 20
136 1605 366 1662 imaginem
404 1606 470 1649 dei
509 1607 754 1661 pronuntias
793 1607 1009 1660 tamquam
1046 1607 1357 1660 potissimorum
1397 1606 1537 1660 scitus,
1569 1607 1642 1662 qui

135 1675 408 1717 minimorum
453 1675 644 1729 probaris
688 1675 870 1729 ignarus.
922 1674 1008 1716 iam
1045 1687 1152 1716 nunc
1192 1675 1526 1717 testimoniorum
1571 1676 1641 1718 uel

136 1744 316 1786 maxime
355 1744 529 1799 penuria
568 1745 734 1786 coactus
778 1745 828 1786 de
867 1744 1045 1798 quodam
1083 1756 1203 1798 opere
1235 1743 1367 1786 sancti
1398 1744 1641 1798 Hieronymi

136 1812 369 1866 capitulum
410 1813 630 1866 quoddam,
668 1813 776 1866 quod
799 1813 967 1866 quidem
997 1814 1039 1855 te
1070 1813 1235 1855 constat
1263 1825 1345 1855 non
1375 1812 1641 1866 intellexisse,

137 1881 370 1936 subiungis,
413 1894 492 1936 quo
532 1881 612 1924 ait:
658 1882 838 1935 globos
886 1882 1119 1924 siderum
1166 1882 1481 1934 corporatos
1527 1894 1646 1923 esse

88 1968 123 1994 25
137 1950 367 2005 spiritus
400 1951 763 1992 arbitrantur.
816 1963 981 1992 omnem
1011 1950 1081 2003 qui
1103 1950 1331 1991 arbitratur
1352 1949 1540 1991 dubitare
1562 1962 1645 1992 non

137 2019 310 2061 dubium
342 2020 415 2062 est.
468 2020 636 2062 beatum
659 2032 756 2062 uero
792 2019 1095 2074 Hieronymum
1115 2018 1163 2061 de
1184 2017 1398 2072 spiritibus
1420 2018 1644 2072 corporatis

274 2142 297 2177 4
328 2143 373 2178 cf.
399 2153 480 2188 pag.
506 2143 539 2186 9,
566 2143 587 2178 6

204 2257 228 2291 4
252 2257 306 2302 30]
334 2259 370 2292 et
394 2257 587 2293 ABDEF
710 2257 730 2291 5
755 2256 809 2291 nil
834 2256 904 2291 Mb
923 2256 1020 2298 Sela,
1061 2255 1154 2291 nihil
1179 2255 1256 2290 rell.
1383 2255 1406 2289 8
1429 2266 1491 2291 1100
1512 2258 1555 2300 12²

138 2338 182 2372 11
206 2337 267 2372 sed
290 2337 364 2372 Mb
504 2314 574 2382 qu¹a
598 2337 659 2381 M,
701 2337 786 2382 quia
811 2337 831 2371 b
969 2336 1275 2381 incorporabiliter
1300 2326 1537 2371 BE¹FGPT
1553 2335 1646 2378 Son„

136 2405 467 2450 incomparabiliter
492 2406 545 2441 Ε2
678 2406 721 2442 15
746 2416 815 2440 non
840 2415 906 2441 om.
932 2405 1007 2440 Mb
1140 2405 1182 2439 16
1207 2405 1293 2449 esse]
1319 2415 1389 2461 non
1413 2404 1500 2440 add.
1526 2404 1555 2440 0

139 2487 182 2521 19
206 2487 257 2522 sic
281 2487 373 2529 Mb,
416 2488 454 2522 in
480 2488 557 2523 rell.
583 2491 617 2523 et
643 2487 722 2524 Sch.
852 2488 897 2523 20
921 2488 1047 2522 iscitus
1072 2486 1197 2529 ΒΓΕ,
1240 2485 1389 2519 inscitus
1412 2484 1469 2528 D,
1511 2485 1643 2519 inscius

138 2544 192 2586 E,
240 2544 351 2579 scitor
386 2544 461 2580 Mb
635 2545 678 2579 21
717 2544 894 2580 minorum
932 2544 1062 2580 RSch.
1233 2542 1436 2587 probaberis
1472 2541 1646 2578 AG¹LM

139 2601 228 2643 δ’ὁ,
269 2601 474 2646 probaueris
505 2601 819 2637 BGF¹G²H¹RS¹
964 2602 1110 2645 ignarus
1142 2610 1207 2635 om.
1239 2599 1278 2633 D
1422 2599 1467 2634 24
1498 2609 1563 2643 que
1597 2599 1643 2640 B,

137 2658 201 2702 qui
225 2658 375 2694 DEFR
394 2658 473 2694 Sch.
595 2660 674 2704 agit
696 2659 737 2694 F
852 2658 979 2703 globus
1004 2658 1040 2694 R
1166 2657 1211 2691 25
1234 2666 1336 2691 omne
1360 2655 1453 2700 quod
1478 2655 1551 2690 Mb

138 2715 314 2761 dubitare]
340 2715 498 2751 multare
521 2715 604 2759 AB,
643 2717 770 2751 nutare
793 2715 945 2751 DEFP
1077 2714 1122 2749 26
1151 2713 1372 2758 spiritalibus
1397 2711 1465 2747 LS

1459 2780 1507 2814 4*
