1826 2838
585 451 1217 527 PRAEFATIO.

356 728 392 781 Ι.
443 727 524 782 DE
561 727 882 783 CODIGIBVS
923 730 1000 784 ET
1035 730 1444 788 EDITIONIBVS.

209 850 290 914 Ad
316 872 598 914 adornandam
621 873 726 915 hanc
748 872 963 916 Claudiani
983 875 1177 918 Mamerti
1198 876 1416 919 editionem
1437 879 1647 921 duodecim

154 944 324 987 adhibui
346 945 474 987 libros
496 946 808 1000 manuscriptos,
830 959 1003 1000 quorum
1024 948 1336 1002 descriptionem
1357 951 1496 1003 paucis
1513 951 1644 994 absol-

152 1025 246 1055 uere
275 1013 373 1055 licet
408 1014 564 1055 uerbis:

210 1093 344 1136 Codex
389 1094 599 1136 Parisinus
643 1095 799 1137 latinus
842 1108 903 1138 nr·
952 1095 1090 1138 16340
1134 1096 1406 1140 bibliothecae
1450 1099 1638 1153 publicae
1663 1100 1700 1141 A

155 1163 272 1215 (olim
304 1161 567 1216 Serbonicus)
602 1163 939 1206 membranaceus
982 1164 1136 1207 formae
1164 1165 1334 1208 minoris
1365 1166 1556 1209 foliorum
1587 1170 1639 1211 81

151 1230 302 1273 litteris
334 1232 436 1273 satis
467 1231 613 1273 nitidis
636 1244 742 1274 saec.
768 1232 895 1274 VIIII
927 1234 1116 1275 exaratus
1146 1233 1292 1286 incipit
1322 1246 1346 1275 a
1372 1236 1644 1288 capitulorum

150 1299 285 1341 indice
316 1300 515 1341 librorum
547 1299 766 1342 Claudiani
798 1301 864 1354 (cf.
896 1301 965 1343 fol.
990 1302 1048 1343 1¹·:
1080 1301 1297 1353 incipiunt
1327 1303 1514 1355 capitula
1546 1304 1644 1346 libri

143 1368 294 1420 primi,
326 1368 396 1410 fol.
419 1368 480 1410 2‘:
512 1367 747 1421 expliciunt
765 1369 956 1422 capitula
985 1369 1084 1410 libri
1105 1370 1256 1422 primi.
1286 1371 1500 1423 incipiunt
1529 1372 1642 1425 capi-

149 1436 242 1478 tula
272 1435 371 1477 libri
400 1437 572 1479 secundi
601 1461 658 1468 —
688 1437 757 1479 fol.
790 1438 850 1480 3=:
881 1437 1115 1491 expliciunt
1142 1438 1334 1491 capitula
1365 1439 1463 1480 libri
1492 1441 1639 1488 tertii).

150 1506 412 1559 subsequitur
447 1505 533 1559 (fol.
566 1506 648 1559 3‘):
680 1505 806 1547 huius
836 1507 975 1560 operis
996 1510 1141 1549 auctor
1159 1508 1379 1561 iqnoratur
1399 1511 1500 1560 quia
1522 1509 1642 1549 tacito

149 1574 319 1616 nomine
347 1574 433 1615 ista
464 1574 708 1627 conscripsit
737 1577 883 1617 eontra
907 1588 1013 1628 quae
1036 1575 1303 1618 Claudianus
1325 1580 1403 1617 tres
1423 1576 1495 1617 hos
1516 1576 1640 1617 libros

148 1642 351 1685 disseruit
370 1643 439 1696 (cf.
462 1642 559 1684 edit.
581 1655 674 1696 pag.
697 1643 723 1685 8
745 1644 838 1686 adn.
863 1643 948 1697 15),
981 1656 1084 1697 quae
1114 1645 1241 1686 uerba
1265 1644 1410 1686 Fausti
1441 1644 1640 1698 epistulae

149 1712 405 1765 praescripta
434 1713 543 1764 sunt,
576 1724 701 1766 quam
731 1713 883 1767 excipit
914 1712 1126 1755 Claudiani
1157 1725 1256 1766 opus
1288 1713 1435 1766 ipsum.
1481 1713 1525 1753 in
1556 1713 1641 1766 ipso

151 1782 344 1822 contextu
376 1780 652 1834 capitulorum
683 1782 1024 1835 praescriptiones
1055 1794 1137 1823 non
1168 1782 1339 1836 exstant,
1370 1782 1440 1823 sed
1468 1781 1511 1822 in
1532 1793 1640 1823 mar-

148 1848 246 1903 gine
280 1849 434 1891 litteris
466 1849 639 1891 minutis
676 1850 906 1903 adscriptae
945 1853 1055 1905 sunt,
1094 1851 1143 1892 ut
1171 1849 1349 1900 uidetur,
1381 1848 1431 1891 ab
1469 1861 1532 1898 eo,
1572 1849 1641 1902 qui

151 1917 333 1960 codicem
364 1917 563 1960 exarauit.
610 1919 750 1960 eodem
780 1918 866 1960 fere
903 1919 1024 1960 modo
1061 1918 1184 1960 etiam
1214 1918 1257 1959 in
1287 1917 1456 1970 reliquis
1490 1917 1642 1958 codici-

148 1986 226 2028 bus
276 1985 493 2028 Claudiani
542 1986 699 2040 scripta
747 1988 902 2029 tradita
951 1989 1059 2037 sunt,
1110 1999 1234 2041 quare
1277 1986 1321 2027 in
1367 1985 1640 2027 describendis

150 2053 358 2095 codicibus
389 2052 464 2094 ubi
494 2053 597 2094 nihil
630 2053 854 2107 quidquam
884 2054 1126 2095 adnotamus
1159 2066 1218 2104 ea,
1251 2065 1354 2106 quae
1384 2053 1427 2094 in
1462 2066 1642 2106 unoquo-

149 2133 227 2174 que
258 2121 534 2173 continentur‚
569 2133 662 2163 cum
694 2122 831 2164 codice
862 2123 900 2163 A
931 2121 1159 2174 conspirare
1189 2122 1411 2163 tenendum
1442 2124 1516 2163 est.

206 2201 341 2244 Codex
371 2201 585 2243 Parisinus
615 2201 771 2244 latinus
801 2214 862 2243 nr.
886 2201 996 2243 2779
1018 2199 1151 2254 (Colb.
1173 2199 1298 2251 5449,
1320 2200 1421 2254 Reg.
1444 2201 1570 2251 4029,
1592 2200 1635 2252 5)
1658 2199 1690 2239 Β

150 2270 484 2312 membranaceus
515 2270 668 2312 formae
708 2269 879 2311 minoris
910 2269 1102 2311 foliorum
1132 2268 1185 2310 88
1216 2280 1320 2310 saec.
1352 2268 1391 2309 X
1426 2269 1524 2310 satis
1554 2269 1636 2310 ele-

149 2338 297 2391 ganter
336 2338 514 2392 scriptus
555 2341 596 2380 et
636 2351 728 2379 cum
758 2339 797 2379 A
829 2338 919 2379 arta
957 2336 1254 2379 necessitudine
1291 2336 1531 2378 coniunctus
1563 2335 1638 2376 est.

148 2406 373 2448 recentiore
404 2408 536 2449 aetate
557 2407 681 2449 codex
703 2408 956 2448 correcturas
977 2406 1219 2447 mendorum
1239 2405 1460 2446 maximam
1482 2406 1638 2456 partem

149 2474 423 2517 leuidensium
460 2477 612 2530 partim
651 2477 880 2517 atramento
915 2475 1068 2528 partim
1098 2474 1264 2528 plumbo
1296 2472 1424 2514 factas
1455 2473 1638 2524 expertus

149 2545 222 2597 est,
255 2556 356 2597 quas
386 2545 453 2587 hic
483 2545 571 2587 illic
600 2547 763 2587 tantum
796 2544 970 2586 enotaui.

218 2622 280 2658 XI.
1484 2629 1505 2653 a
