1884 2998
220 122 304 164 222

290 244 342 278 11.
370 245 411 278 ut
435 241 576 277 auctori
607 243 716 287 probo
741 253 863 278 causae
887 252 968 287 pro-

287 288 383 323 bitas
408 299 546 332 compos
571 288 621 322 sit
649 287 728 331 181,
751 288 782 322 2.

220 344 411 370 concauum
437 333 695 369 intercaclestis
719 333 822 368 uacui
840 332 917 375 147,
938 332 968 367 7.

220 379 406 415 concedere
437 379 568 413 rationi
598 376 654 421 37,
686 379 741 414 21.
773 378 969 413 sententiae

289 424 366 467 177,
404 424 458 459 21.
500 424 672 459 nonnulla
706 424 777 459 tibi
810 424 852 458 de
893 433 969 458 meo

287 470 361 504 iure
385 470 606 505 concederem
630 468 708 512 107,
734 469 789 504 15.

219 525 422 560 concerpere
452 515 657 560 panniculos
685 525 726 549 ex
750 515 966 549 diuersorum

287 560 390 595 uaria
413 561 562 595 lectione
593 560 669 602 136,
694 560 750 595 23.

220 605 408 642 conciliare
432 606 534 641 deum
553 605 689 651 ignotis
708 605 785 646 199,
803 605 833 639 7.
852 615 881 639 c.
901 604 969 639 sibi

288 654 465 686 auctorem
492 651 569 685 stili
595 652 746 685 ueritate
769 650 824 692 25,
850 650 905 685 26.

219 698 458 733 concinentia:
496 708 524 731 c.
561 696 721 731 ueritatis
759 695 810 736 73,
849 695 902 730 13.
939 705 967 729 0.
1001 712 1002 739 1

288 753 445 777 summae
462 742 695 786 aequalitatis
713 740 789 784 117,
806 741 837 775 5.
857 740 970 775 disso-
1000 752 1002 791 ἐ

287 789 411 823 nantia
428 789 465 822 in
483 787 743 822 concinentiam
757 786 896 831 cogitur
916 785 969 827 73,

287 835 319 868 8.
353 832 606 878 plaudentibus
631 832 862 867 concinentiis
879 830 966 882 205,
1000 837 1002 876 ξ

218 880 461 960 00ηὲ1)1101111115
486 925 541 958 est
566 923 643 967 117,
670 923 724 960 10.

218 970 414 1005 concinere:
455 979 543 1014 quae
583 970 783 1012 (elementa)
825 967 892 1002 sibi
930 966 965 1001 in
1000 967 1002 996 ἰ

286 1015 377 1049 illud
391 1016 639 1049 concinuerant
653 1014 732 1058 180,
747 1014 779 1048 5.
799 1013 970 1048 elementa
999 1019 1001 1032 ²

286 1061 355 1095 sibi
395 1060 584 1095 concinunt
617 1060 653 1094 in
685 1059 820 1094 arboris
856 1059 969 1092 uitam

287 1106 339 1148 73,
367 1106 410 1140 10
444 1107 531 1149 (non
560 1106 656 1140 enim
680 1105 846 1140 debebam
871 1103 967 1138 codi-

286 1163 367 1187 cum
392 1152 439 1186 M
444 1151 481 1186 R
506 1151 693 1186 lectionem
722 1152 800 1186 uita
826 1150 868 1184 in
891 1153 967 1184 tex-

286 1201 360 1232 tum
378 1198 562 1242 recipere).
581 1197 698 1240 cf.'75,
716 1195 750 1231 2.
776 1195 878 1230 debet
893 1195 968 1229 ani-

287 1254 345 1276 ma
362 1242 507 1277 sibimet
525 1242 701 1277 actitandi
717 1241 891 1276 rationem
906 1250 968 1285 pro

286 1288 463 1323 uirtutum
534 1288 716 1332 parilitate
787 1286 968 1321 concinere

287 1333 363 1375 117,
394 1334 424 1368 7.

218 1380 395 1424 concipere
435 1379 617 1424 opiniones
657 1378 712 1420 23,
749 1377 781 1412 2.
822 1377 853 1411 si
883 1376 968 1421 quid
998 1373 1001 1409 ἑ

287 1424 414 1459 coloris
450 1424 594 1459 obuium
631 1423 778 1468 ceperit,
816 1422 968 1466 concipit

287 1472 322 1504 et
346 1470 472 1514 recipit
498 1470 573 1510 173,
600 1469 654 1504 16.

217 1515 430 1560 concipilare
447 1515 581 1550 salubri
599 1515 794 1563 concisipne
811 1513 968 1548 ceruicu-

285 1561 356 1595 lam
380 1561 563 1606 falsiloqui
591 1560 671 1603 142,
697 1561 730 1596 6.

217 1607 414 1641 concisione
439 1607 574 1641 salubri
598 1605 807 1649 concipilare
832 1604 909 1647 142,
934 1604 965 1638 5.

219 1653 435 1687 conclamare
458 1652 667 1696 religionem
696 1652 740 1686 12
768 1677 776 1693 ,
801 1651 833 1685 9-

217 1697 440 1778 cenqluditur
463 1697 706 1732 indissolubili
735 1697 873 1731 ratione
892 1696 968 1738 164,

218 1789 459 1823 conclusiones
484 1788 690 1823 dialecticae
719 1788 796 1830 106,
823 1787 878 1822 25.

218 1834 429 1869 concordare
455 1835 508 1876 75,
533 1834 565 1869 3.
593 1834 669 1878 140,
693 1835 725 1869 5.

218 1882 421 1914 concreatus
447 1880 577 1915 sanctis
602 1880 740 1925 angelis
767 1879 843 1922 167,
870 1879 899 1913 7.

217 1935 422 1970 concrepare
443 1927 501 1969 (=
513 1928 740 1966 consentire):
765 1925 850 1969 quid
875 1924 968 1960 orbis

940 119 1075 155 Index

1106 242 1309 287 spiciantur,
1336 255 1404 278 non
1429 245 1632 288 peruenitur
1655 245 1709 285 29,
1727 245 1783 280 24.

1106 289 1135 321 si
1153 298 1337 324 numerare
1354 290 1516 331 uelimus,
1541 290 1709 324 adicimus
1726 290 1782 332 93,

1103 333 1136 367 4.
1176 334 1205 367 si
1238 334 1399 375 audierit,
1435 337 1582 369 uerbum
1618 346 1722 380 penes
1746 337 1783 370 te

1104 380 1157 413 est
1181 379 1236 420 95,
1261 379 1283 413 4
1307 383 1369 414 etc.
1386 401 1430 405 —
1461 380 1490 414 si
1515 382 1619 415 tanta
1642 381 1784 416 memi-

1104 424 1236 466 nisti,
1261 426 1363 459 tanta
1384 427 1437 460 est
1455 436 1564 467 mens,
1581 428 1617 460 et
1634 426 1662 459 si
1682 427 1784 460 tanta

1103 469 1297 514 cogitas,
1330 473 1434 504 tanta
1458 473 1512 504 est
1537 471 1716 515 cogitatio,
1746 473 1783 507 et

1103 514 1132 549 si
1165 516 1317 549 mentem
1354 516 1535 560 diligis,
1575 516 1783 561 ..aequalia

1103 561 1198 602 sunt,
1223 561 1258 594 et
1282 561 1312 594 si
1338 561 1482 605 singula
1501 572 1537 596 se
1555 562 1612 596 uel
1636 563 1783 598 ament

1105 605 1162 639 uel
1179 605 1386 649 cogitent
1403 606 1460 641 uel
1479 607 1781 650 meminerint,

1103 661 1171 684 non
1208 651 1344 686 maiora
1377 653 1481 686 erunt
1512 651 1586 694 196,
1625 653 1656 687 7.
1685 673 1724 679 —-
1752 654 1780 687 si

1103 696 1221 730 eadem
1265 697 1406 741 prodita
1451 697 1570 738 uelim,
1611 698 1783 734 efficerem

1102 742 1269 776 uolumen
1289 742 1366 783 122,
1383 743 1405 777 4
1434 746 1498 785 (an
1515 743 1640 778 uellem
1657 748 1783 788 utpote

1100 787 1142 820 in
1154 787 1275 821 uellim
1291 788 1427 832 (uelim)
1442 788 1683 833 deprauatum
1695 790 1782 825 scri-

1101 832 1255 867 bendum
1279 833 1382 878 cst?).
1416 853 1458 858 —
1485 835 1513 867 si
1551 835 1659 869 multi
1697 846 1781 879 quo-

1101 888 1179 912 rum
1225 880 1266 912 tu
1314 889 1349 913 es
1397 879 1596 923 studiorum
1651 880 1780 922 forent,

1101 922 1243 957 futurus
1290 935 1366 958 eras
1414 924 1551 959 scilicet
1595 926 1664 960 etsi
1710 935 1781 960 11011

1102 969 1259 1002 omnium
1301 970 1417 1013 potior
1458 981 1549 1005 unus
1589 981 1628 1005 ex
1658 972 1782 1006 multis

1101 1013 1178 1056 204,
1215 1014 1269 1049 30.
1307 1016 1437 1050 mirum
1469 1016 1610 1050 uidetur
1641 1018 1781 1061 supple-

1101 1062 1218 1093 mento
1255 1071 1370 1095 rerum
1409 1061 1524 1095 defore
1563 1062 1710 1107 aliquid,
1751 1063 1782 1097 si

1100 1115 1198 1138 rosae
1223 1104 1386 1140 flosculus
1416 1117 1484 1140 non
1517 1106 1709 1149 exsisteret,
1748 1110 1783 1142 et

1101 1161 1169 1184 non
1195 1150 1323 1192 defore,
1349 1152 1378 1185 si
1398 1152 1600 1195 incorporea
1617 1153 1781 1188 substan-

1100 1195 1153 1229 tia
1176 1206 1245 1230 non
1271 1198 1363 1230 esset
1387 1199 1503 1231 creata
1527 1197 1582 1240 38,
1613 1198 1646 1232 5.

1033 1240 1234 1321 00οῗἒοἑοΠὲ
1251 1241 1473 1276 substantiae
1483 1243 1619 1277 inclusa
1634 1244 1781 1288 (anima)

1169 1313 1176 1328 ,
1231 1310 1237 1317 .

1033 1332 1235 1366 conducere:
1291 1343 1515 1377 nequaquam
1566 1334 1778 1369 uaticinium

1099 1377 1274 1421 praesenti
1299 1379 1449 1423 tempori
1470 1378 1634 1414 conducit
1650 1379 1703 1422 30,
1723 1379 1776 1414 13.

1100 1423 1208 1458 sicuti
1231 1423 1496 1466 conduxit'142,
1522 1425 1555 1459 3.
1588 1425 1654 1469 (ea)
1677 1424 1778 1460 nobis

1101 1479 1139 1503 eo
1165 1479 1273 1513 usque
1298 1469 1497 1504 conducunt
1522 1469 1599 1511 134,
1627 1470 1681 1505 10.

1034 1514 1189 1549 conferre
1213 1514 1322 1548 alicui
1347 1525 1471 1550 nomen
1496 1516 1553 1558 33,
1578 1516 1611 1551 8.

1034 1559 1203 1594 confessio
1229 1559 1305 1602 135,
1330 1560 1362 1594 5.

1034 1605 1198 1640 conficere
1224 1606 1335 1639 uitam
1360 1604 1495 1640 arboris
1521 1606 1575 1648 72,
1601 1606 1654 1641 12.

1033 1651 1190 1685 confieri.-
1215 1650 1344 1696 quibus
1368 1651 1475 1685 confit
1500 1652 1635 1686 animae
1663 1652 1781 1688 unitas

1102 1696 1155 1738 71,
1192 1697 1223 1732 6.
1259 1697 1306 1739 cf.
1338 1696 1413 1739 158,
1446 1697 1476 1731 9.
1514 1698 1645 1741 quibus
1675 1699 1782 1733 confit

1100 1741 1307 1822 110111Ξ3153,
1325 1743 1358 1777 9.
1385 1753 1474 1787 quae
1490 1753 1530 1777 ex
1547 1743 1602 1777 his
1621 1743 1781 1778 confiunt

1034 1833 1230 1876 confingere
1255 1834 1362 1877 atque
1386 1833 1581 1868 coniectare
1606 1834 1663 1877 85,
1688 1834 1720 1869 5.

1034 1878 1223 1913 confinium
1240 1877 1393 1912 hominis
1420 1878 1629 1924 pecudisque
1648 1879 1701 1922 71,
1726 1879 1782 1915 13.

1033 1923 1215 1958 conflictor
1241 1922 1316 1963 189,
1341 1925 1374 1957 2.

286 1971 443 2005 uniuers1
461 1971 561 2005 nobis
579 1981 783 2016 concrepare
797 1970 966 2005 iudicium
999 1998 1000 2017 3
1033 1969 1214 2004 conflictus
1247 1969 1468 2004 aduersantis
1500 1970 1619 2014 ignoti
1643 1970 1698 2012 20,
1725 1970 1781 2005 10.

286 2016 489 2051 conuincam
516 2016 591 2057 130,
618 2016 671 2052 15.

217 2065 399 2097 concretus
425 2073 482 2096 aer
507 2061 584 2104 168,
614 2063 646 2096 9.

217 2107 459 2152 concupiscere
491 2107 661 2142 aduersus
690 2118 828 2142 carnem
853 2107 908 2149 57,
935 2106 965 2141 1.
997 2114 1000 2155 ξ

285 2153 317 2187 2.
342 2164 371 2187 0.
395 2154 515 2187 contra
538 2163 678 2187 carnem
702 2153 758 2196 85,
776 2152 831 2187 18.
848 2163 877 2187 0.
897 2153 964 2187 ali-
996 2163 999 2192 1

285 2198 369 2278 qgid
385 2198 572 2243 indignum
590 2198 644 2239 79,
659 2199 713 2233 24.
733 2209 760 2233 c.
779 2198 965 2233 scientiam
996 2196 999 2219 ²

331 2243 361 2286 6,
388 2243 442 2278 14.
459 2255 487 2278 0.
505 2243 641 2287 corpori
658 2254 822 2287 corporea
839 2243 915 2286 118,
933 2243 965 2277 2.

216 2288 364 2323 condere
395 2289 533 2323 libellos
568 2289 621 2331 18,
648 2290 679 2323 4.
706 2288 964 2323 firmamentum
995 2277 998 2299 ²

285 2334 362 2375 145,
387 2336 419 2368 9.
459 2334 688 2379 semiplenum
708 2334 843 2378 aliquid
859 2335 913 2376 38,
932 2334 964 2368 5.

216 2380 496 2414 enuntiatorum
519 2380 827 2415 condicionalium
844 2381 965 2423 forma
995 2403 997 2416 .

284 2425 385 2469 apud
425 2426 649 2460 Mamertum
689 2426 895 2466 tritissima:
935 2425 964 2459 si

286 2474 456 2515 capessat,
487 2471 645 2505 deriuare
674 2471 805 2514 poterit
830 2470 884 2512 18,
911 2470 965 2505 14.

285 2517 315 2550 si
348 2517 508 2560 cognitor
537 2516 632 2550 adsit
662 2516 833 2558 intentus,
871 2518 964 2551 certe
995 2547 996 2552 ,

284 2563 462 2606 perueniat
486 2562 540 2603 20,
566 2562 598 2595 2.
629 2562 658 2596 si
682 2561 767 2607 quid
793 2561 965 2605 110111110-
994 2588 997 2606 ὲ

284 2607 397 2649 datur,
433 2607 610 2641 diuersum
636 2607 827 2642 adstruunt
850 2606 906 2651 22,
934 2607 964 2642 7.
994 2613 996 2628 ⁴*

285 2652 316 2686 si
344 2662 501 2696 quaeras,
537 2652 718 2695 subiciunt
753 2653 807 2694 23,
841 2652 894 2686 11.
933 2653 963 2686 si
994 2665 996 2688 ε

285 2708 452 2742 reposcas,
482 2698 648 2750 ’adiciunt
683 2698 738 2739 23,
765 2697 831 2750 13..
856 2698 886 2750 si
910 2698 963 2750 in-

285 2742 416 2785 cludat,
459 2745 560 2778 aiunt
595 2744 651 2786 23,
694 2743 747 2778 18.
797 2754 867 2777 nisi
907 2754 962 2777 111-

1098 2015 1286 2050 necessitas
1311 2014 1495 2049 conflictus
1521 2015 1598 2058 181,
1624 2016 1655 2050 8.

1033 2060 1202 2095 confluxit
1233 2060 1394 2095 doctrina
1418 2061 1456 2095 in
1480 2062 1515 2095 te
1541 2072 1561 2095 a
1585 2060 1779 2096 maioribus

1098 2106 1256 2149 profecta
1281 2106 1358 2146 205,
1387 2105 1443 2140 22.

1033 2152 1227 2186 vonfutatio
1253 2151 1329 2194 171,
1355 2151 1410 2186 21.
1435 2151 1510 2192 188,
1537 2151 1590 2186 10.

1031 2207 1215 2242 1011301010
1240 2195 1317 2239 185,
1341 2197 1375 2231 8.

1030 2242 1211 2299 congredi:
1239 2245 1278 2277 ut
1302 2245 1414 2321 teclum
1440 2242 1547 2321 qqrbp
1573 2243 1781 2286 congrediar

1097 2286 1780 2385 a.13..ssss-,.}ss‚.2.....3.42.1.⁷.·.fi:.222

1096 2389 1252 2413 sermone
1283 2380 1438 2423 quiuerit
1462 2378 1538 2413 170.
1569 2379 1620 2413 10.
1658 2381 1776 2424 (opus-

1095 2425 1227 2467 culum)
1254 2426 1415 2458 conserta
1439 2424 1540 2458 nobis
1564 2435 1673 2459 manu
1699 2434 1762 2459 con

1097 2480 1253 2514 gressum
1281 2468 1335 2512 19,
1360 2470 1392 2503 8.

1029 2525 1244 2560 congregare
1291 2514 1529 2549 substantiam
1583 2514 1779 2549 multorum

1097 2571 1278 2605 corporum
1306 2559 1459 2594 mixtura
1483 2560 1538 2599 47,
1565 2560 1618 2594 17.

1029 2606 1271 2686 conggessligne
1294 2604 1417 2639 habita
1429 2616 1508 2640 cum
1523 2605 1663 2639 diuersa
1680 2606 1780 2650 parte

1029 2707 1232 2742 congressus
1256 2696 1410 2731 siderum
1437 2695 1515 2737 149,
1540 2696 1572 2731 6.

1028 2753 1234 2787 congruere:
1268 2741 1354 2786 quid
1386 2741 1513 2776 itidem
1547 2741 1713 2786 congruit
1741 2741 1778 2775 in
