1884 2998
1421 133 1587 163 XXVIIII

92 246 278 297 expectat
308 242 433 295 ΓΘΗ),
468 242 561 296 166,
596 242 649 283 14
678 242 849 284 uiuente
884 243 1064 296 (uiuenti
1093 244 1218 297 ΓΘΗ),
1261 245 1353 294 172,
1387 246 1442 287 20
1470 245 1586 287 iudi-

93 311 184 354 cari
208 310 414 365 (indicari
435 310 562 364 rell.),
596 311 690 364 173,
716 311 769 352 10
788 310 890 352 istoc
915 311 1038 363 (istuc
1060 312 1182 363 ΓΘΗ),
1216 313 1309 366 175,
1337 316 1355 354 l
1379 316 1586 355 tortuosae

97 381 213 433 (cum
237 378 373 430 DEF,
406 380 592 419 tortuosa
622 380 699 420 010.
731 378 855 431 ΓΘΗ),
891 379 983 431 175,
1020 381 1039 420 1
1074 379 1303 421 botulorum
1338 380 1588 430 (batulorum

91 448 215 501 ΓΘΗ),
250 447 342 499 181,
374 448 400 489 3
430 449 623 488 cassatur
653 449 765 499 (cum
786 446 870 496 LS,
901 449 1104 488 causatur
1125 448 1247 503 rell.),
1282 447 1375 499 183,
1408 449 1431 489 7
1463 462 1588 501 quae-

90 515 243 557 stiom's
275 517 387 569 (cum
417 514 555 565 DEF,
588 514 640 556 cf.
672 526 767 567 pag.
789 514 964 565 XXVII,
996 515 1307 567 quaestionibus
1336 516 1457 569 ΓΘΗ),
1494 517 1587 571 184,

93 584 118 626 8
149 597 319 637 corpore
352 585 462 638 (cum
493 583 613 634 DEF,
646 583 810 635 corpori
839 583 964 635 ΓΘΗ),
1007 583 1099 633 184,
1134 584 1187 625 12
1217 586 1364 636 suapte
1399 583 1590 636 (subapta

92 655 150 704 Μ,
195 652 368 706 subapte
397 652 522 706 ΓΘΗ),
570 651 664 703 184,
699 652 749 693 18
772 651 1018 704 plusculum
1054 654 1162 704 (cum
1193 652 1331 701 DEF,
1371 651 1589 703 flosculum

92 723 216 773 ΓΘΗ).

150 790 260 841 Quos
291 791 414 840 10000,
446 790 480 831 01
511 788 742 831 accuratius
774 789 1012 842 inspexeris,
1044 790 1104 831 ita
1135 792 1386 843 comparatos
1412 801 1511 840 esse,
1543 789 1589 832 ut

94 860 207 900 recta
247 871 350 912 quae
391 858 525 899 exstat
567 857 610 898 in
642 855 677 898 G
718 857 842 898 lectio
883 857 996 899 facili
1037 857 1201 912 negotio
1243 870 1266 899 a
1295 857 1462 899 librario
1504 859 1588 911 ipso

92 927 270 969 inueniri
299 926 491 980 potuerit,
535 937 674 967 omnes
714 928 813 979 puto
854 926 1088 967 concedent.
1141 926 1250 968 unde
1290 926 1415 968 etiam
1454 925 1588 976 DEF,

92 996 219 1037 libros
257 995 477 1037 deteriores
520 997 560 1036 et
599 993 880 1047 interpolatos,
922 994 1161 1047 saepissime
1202 1007 1294 1036 cum
1335 993 1368 1034 G
1419 995 1590 1036 eandem

93 1065 286 1118 praebere
317 1064 570 1118 scripturam
601 1063 837 1105 mirandum
868 1075 948 1105 non
979 1065 1054 1105 est.
1103 1063 1241 1116 ipsum
1272 1064 1410 1104 autem
1442 1062 1589 1104 codicis

93 1135 130 1177 G
170 1132 390 1174 librarium
432 1132 668 1175 correctoris
709 1144 876 1173 munere
917 1131 1106 1173 functum
1148 1143 1234 1173 esse
1265 1132 1398 1173 multo
1428 1131 1588 1181 melius,

93 1212 218 1255 quam
251 1214 295 1242 ex
337 1201 422 1243 illis
458 1200 556 1242 locis
588 1201 693 1242 bene
723 1202 890 1251 sanatis,
934 1213 980 1242 ex
1011 1213 1160 1254 magno
1192 1212 1331 1242 earum
1364 1199 1590 1240 lectionum

93 1282 261 1311 numero
283 1269 553 1324 cognoscitur,
586 1269 733 1323 quibus
764 1270 842 1310 iste
864 1270 1036 1310 sanandi
1058 1269 1195 1310 studio
1223 1267 1397 1321 pessime
1427 1267 1588 1308 textum

93 1338 312 1381 Claudiani
361 1338 565 1392 corrupit,
616 1338 748 1379 ueluti
794 1340 841 1379 ut
886 1350 1016 1391 pauca
1066 1349 1138 1390 pro
1187 1337 1332 1378 multis
1382 1335 1588 1389 proferam

94 1407 300 1460 exempla:
346 1407 411 1458 18,
455 1407 503 1448 11
540 1407 827 1459 (quamquam)
850 1429 906 1435 -
925 1405 1070 1460 fuerit]
1111 1405 1197 1457 fuit
1236 1404 1291 1454 G,
1341 1404 1406 1455 19,
1441 1405 1489 1444 11
1522 1403 1589 1444 sui

96 1473 382 1531 (primordio)]
415 1487 490 1516 suo
523 1474 572 1526 G,
619 1475 687 1523 21,
724 1475 772 1516 11
798 1471 1073 1530 puerascunt]
1116 1473 1190 1525 qui
1227 1472 1379 1514 scilicet
1411 1472 1503 1513 add.
1538 1472 1588 1524 G,

94 1545 161 1596 22,
196 1544 221 1584 2
263 1542 497 1596 (inludunt)
543 1541 762 1599 inperitos}
803 1542 1002 1594 inperitis
1033 1541 1081 1592 G,
1128 1542 1195 1591 22,
1228 1539 1282 1582 15
1317 1540 1430 1595 istoc]
1465 1540 1590 1581 istinc

95 1611 142 1667 G,
175 1612 243 1662 22,
268 1612 319 1654 16
352 1609 624 1668 quamquam]
659 1613 747 1652 tam
773 1612 822 1660 G,
856 1611 923 1661 23,
950 1612 969 1651 1
1002 1607 1294 1666 periculosius]
1324 1606 1589 1660 pericliosius

95 1680 154 1731 G,
204 1681 270 1733 23,
312 1680 366 1722 24
405 1682 444 1721 et
480 1682 569 1722 add.
604 1679 659 1730 G,
712 1679 780 1727 25,
814 1679 865 1721 21
907 1677 1167 1720 excludentes
1206 1677 1297 1720 add.
1330 1676 1386 1725 G,
1437 1675 1504 1727 25,
1535 1675 1590 1717 22

92 1749 317 1800 fallacium
338 1773 393 1779 ——
419 1749 669 1804 (fimneutass
714 1747 891 1800 fallatia
929 1746 984 1796 G,
1035 1747 1103 1800 27,
1135 1746 1190 1788 24
1233 1746 1343 1786 inter
1384 1743 1501 1794 illud,
1543 1743 1591 1784 de

94 1831 171 1871 quo
199 1817 328 1870 facta,
360 1819 399 1858 et
426 1816 548 1869 illud,
582 1830 609 1857 a
629 1830 708 1869 quo
738 1816 855 1869 facta
885 1818 955 1869 est,
987 1813 1139 1871 media]
1173 1814 1283 1855 iuter
1312 1812 1384 1855 hoc
1414 1814 1453 1853 et
1480 1811 1590 1853 illud

95 1887 143 1929 de
172 1900 251 1940 quo
281 1886 397 1939 facta
428 1888 485 1927 est
514 1885 655 1927 media
685 1884 732 1936 G,
781 1885 848 1935 29,
886 1885 938 1925 10
970 1882 1074 1939 aiat]
1108 1883 1224 1925 dicat
1252 1881 1299 1933 G,
1333 1882 1399 1929 29,
1431 1881 1487 1921 20
1516 1892 1590 1920 nec

96 1955 203 2009 eum]
233 1957 272 1996 et
302 1968 394 1996 eum
420 1967 507 1995 non
537 1953 585 2005 G,
617 1954 685 2005 30,
707 1954 735 1995 4
765 1953 865 1995 deus
894 1953 984 1994 add.
1010 1951 1057 2003 G,
1090 1951 1157 2003 30,
1180 1951 1235 1992 25
1264 1945 1586 2003 sempiternitas]

97 2024 354 2076 sempiterna
400 2022 575 2063 trinitas
621 2021 675 2074 G,
733 2022 808 2076 32,
852 2021 878 2062 2
916 2021 984 2075 sit]
1034 2022 1095 2061 est
1133 2020 1191 2071 G,
1243 2019 1320 2070 33,
1362 2017 1387 2059 8
1427 2016 1496 2058 illi
1535 2040 1590 2046 —

98 2088 333 2147 (arbitror)]
365 2090 489 2132 illum
522 2090 570 2145 G,
611 2091 679 2140 33,
711 2091 767 2132 20
797 2088 859 2147 tu]
893 2092 975 2131 tute
1005 2088 1042 2131 G
1073 2091 1114 2130 Θ1
1144 2088 1226 2130 0110
1253 2086 1472 2142 permulta.
1518 2085 1588 2126 sed

95 2161 196 2202 haec
226 2159 451 2208 sufficiant,
485 2160 632 2214 quibus
657 2161 870 2202 librarium
892 2157 1162 2200 audacissime
1183 2156 1250 2197 1101
1272 2153 1590 2197 constructiones

96 2230 268 2270 rariores
306 2230 549 2270 immutasse
590 2227 658 2268 uel
698 2228 825 2268 etiam
871 2227 1045 2267 rariores
1088 2222 1372 2266 declinationis
1412 2225 1452 2262 01
1493 2233 1589 2262 0011-

97 2296 320 2352 iugationis
352 2296 508 2338 formas
543 2297 606 2348 (ut
636 2295 718 2337 abl.
751 2295 859 2349 sing.
890 2294 975 2347 qui,
1008 2293 1059 2335 cf.
1087 2292 1184 2342 134,
1219 2291 1282 2340 14,
1317 2292 1398 2330 tute
1427 2300 1497 2342 pro
1529 2290 1586 2336 tu,

98 2366 123 2407 2
155 2366 258 2419 sing.
290 2377 397 2418 pass.
428 2365 473 2406 in
495 2388 549 2394 —
570 2377 615 2405 re
645 2374 716 2416 pro
740 2388 790 2393 —
814 2362 888 2413 ris,
921 2361 973 2403 cf.
1005 2361 1071 2411 86,
1107 2360 1171 2402 19.
1207 2359 1297 2409 158,
1325 2359 1369 2399 ’3.
1410 2357 1501 2409 175,
1537 2357 1585 2397 11

99 2435 193 2486 etc.)
232 2433 462 2475 inculcasse
504 2432 572 2474 uel
614 2431 918 2473 sententiarum
964 2428 1133 2471 conexui
1179 2440 1225 2468 ex
1269 2439 1340 2467 sua
1384 2423 1588 2466 sententia

98 2502 264 2543 turbato
297 2500 544 2542 succurrisse
576 2500 893 2541 demonstretur.

156 2582 271 2623 Inter
311 2582 468 2623 codices
497 2580 689 2622 meliores
730 2579 902 2620 tertium
941 2578 1075 2619 locum
1107 2575 1263 2618 obtinet
1293 2573 1347 2615 Ε9
1375 2572 1442 2614 uel
1472 2571 1587 2621 liber,

99 2662 145 2691 ex
176 2662 254 2704 quo
285 2649 318 2690 E
349 2649 541 2703 plurimis
582 2648 684 2690 locis
721 2649 923 2689 correctus
955 2650 1028 2687 est.
1080 2657 1247 2686 manum
1280 2645 1388 2683 enim
1418 2642 1588 2682 alteram

100 2719 250 2760 codicis
281 2719 314 2759 E
346 2721 474 2760 altero
505 2718 612 2759 libro
633 2716 913 2769 manuscripto
935 2727 1050 2756 usam
1073 2725 1158 2754 esse
1180 2712 1231 2752 iis
1254 2710 1351 2753 locis
1376 2707 1586 2756 euincitur,
