1884 2998
287 140 373 184 200
808 140 1057 176 Claudiani
1080 141 1289 177 Mamerti

596 480 805 512 SIDONIVS
843 480 1108 512 CLAVDIANO
1139 481 1222 512 SVO
1254 480 1475 512 SALVTEM.

345 604 578 655 Committi‚
611 606 773 647 domine
803 604 946 655 maior,
985 603 1028 645 in
1059 605 1377 647 necessitudinis
1409 605 1499 646 iura
1528 606 1784 659 pronuntias,

283 685 371 728 cur,
404 673 511 727 quod
544 675 594 715 ad
628 673 741 715 salue
772 672 850 714 tibi
875 672 1062 714 debitum
1083 674 1251 726 spectat,
1284 686 1308 715 a
1329 674 1424 715 stilo
1447 675 1488 714 et
1510 674 1786 728 pugillaribus

285 742 357 784 diu
394 742 634 795 temperem,
675 743 862 795 quodque
903 740 1094 794 deinceps
1134 741 1272 783 nullas
1309 741 1494 783 uiantum
1537 742 1653 784 nolas
1694 755 1786 784 mea

284 822 464 864 papyrus
496 811 740 860 onerauerit,
774 821 878 862 quae
909 821 984 851 uos
1006 810 1120 851 cultu
1151 809 1317 851 sedulae
1339 809 1549 861 sospitatis
1571 809 1784 863 inpertiat.
1815 825 1832 850 5

284 882 448 933 praeter
481 890 656 932 aequum
687 879 769 919 ista
801 878 1020 928 coniectas,
1057 878 1092 918 si
1123 889 1235 918 reare
1265 877 1504 919 mortalium
1535 890 1786 932 quemquam

285 947 370 1001 (cui
408 948 549 989 tamen
588 947 856 988 sermocinari
894 946 1094 987 latialiter
1131 945 1240 986 cordi
1273 946 1351 996 est)
1384 957 1465 986 non
1497 959 1658 1000 pauere,
1691 961 1786 990 cum

284 1018 328 1058 in
359 1028 526 1058 examen
556 1015 716 1057 aurium
749 1018 916 1057 tuarum
949 1015 1099 1067 quippe
1131 1014 1310 1066 scriptus
1353 1014 1583 1066 adducitur,
1617 1016 1785 1058 tuarum

284 1084 454 1138 inquam
487 1085 663 1134 aurium,
701 1095 876 1137 quarum
916 1082 1102 1135 peritiae,
1144 1081 1179 1122 si
1220 1095 1285 1123 me
1327 1083 1593 1124 decursorum
1624 1084 1674 1125 ad
1707 1084 1784 1125 hoc

284 1153 376 1194 aeui
422 1153 657 1206 temporum
702 1151 989 1205 praerogatiua
1033 1163 1114 1192 non
1159 1150 1320 1200 obruat,
1365 1163 1439 1193 nec
1480 1151 1782 1194 Frontonianae
1800 1169 1832 1194 10

284 1222 505 1275 grauitatis
536 1222 608 1263 aut
636 1220 829 1274 ponderis
852 1219 1071 1273 Apuleiani
1103 1218 1258 1260 fiumen
1280 1219 1558 1272 aequiparem,
1591 1219 1657 1262 cui
1679 1220 1784 1261 Var-

283 1302 402 1332 rones
442 1290 510 1331 uel
548 1289 754 1331 Atacinus
792 1289 859 1330 uel
901 1288 1132 1339 Terentius,
1175 1288 1302 1330 Plinii
1343 1288 1411 1330 uel
1453 1289 1681 1331 auunculus
1718 1289 1785 1331 uel

285 1357 498 1401 Secundus
541 1357 742 1410 conpositi
782 1356 828 1398 in
858 1356 1191 1411 praesentiarum
1222 1356 1548 1399 rusticabuntur.
1600 1357 1785 1411 adstipu-

285 1426 396 1468 latur
426 1426 580 1468 iudicio
605 1439 697 1468 meo
719 1426 912 1467 uolumen
935 1425 1052 1474 illud,
1075 1424 1182 1479 quod
1203 1425 1293 1467 tute
1325 1438 1476 1479 super
1506 1426 1651 1468 statu
1682 1427 1785 1467 ani-

284 1507 389 1537 mae
419 1507 556 1536 rerum
587 1494 889 1547 uerborumque
910 1493 1091 1563 scientia
1122 1492 1400 1535 diuitissimus
1430 1494 1720 1547 propalauisti,
1743 1495 1831 1536 11115

284 1576 377 1618 quo,
417 1563 517 1605 dum
555 1563 607 1605 ad
645 1575 784 1604 meum
822 1574 972 1604 nomen
1011 1561 1291 1615 prooemiaris,
1330 1562 1406 1604 hoc
1436 1575 1586 1604 munus
1617 1563 1786 1617 potissi-

283 1645 400 1675 mum
433 1632 534 1686 cepi,
567 1633 612 1673 ut
644 1643 758 1673 meae
791 1630 904 1672 fama
933 1642 1140 1684 personae,
1173 1642 1298 1684 quam
1329 1643 1471 1684 operae
1501 1631 1685 1684 pret-ium
1705 1644 1787 1674 non

286 1704 375 1744 erat
412 1701 613 1744 librorum
653 1712 823 1742 suorum
869 1699 1006 1741 titulis
1044 1699 1328 1750 inclarescere,
1371 1703 1537 1741 tuorum
1588 1700 1786 1742 beneficio

284 1771 610 1824 perpetuaretur.
663 1769 707 1810 at
746 1768 865 1821 quod,
906 1769 1005 1810 deus
1035 1780 1197 1822 magne,
1235 1769 1518 1821 quantumque
1549 1780 1650 1822 opus
1681 1769 1787 1810 illud

285 1839 349 1880 est
393 1839 569 1879 materia
609 1837 807 1891 clausum,
848 1836 1146 1878 declamatione
1182 1836 1464 1890 conspicuum,
1507 1838 1833 1891 propositionem

284 1906 556 1958 obstructum,
609 1905 890 1959 disputatione
948 1907 1176 1947 reseratum
1227 1907 1269 1947 et
1320 1918 1570 1959 quamquam
1619 1906 1786 1960 propter

284 1975 451 2017 hamata
494 1973 828 2028 syllogismorum
874 1976 1028 2027 puncta
1073 1973 1337 2024 tribulosum,
1385 1974 1600 2016 uernantis
1645 1976 1787 2016 tamen

285 2043 439 2098 eloquii
469 2042 568 2085 flore
598 2043 819 2085 mellitum.
871 2054 977 2085 noua
1008 2042 1067 2084 ibi
1099 2043 1238 2096 uerba,
1281 2042 1377 2096 quia
1407 2044 1584 2095 uetusta,
1616 2045 1786 2097 quibus-

287 2126 364 2167 que
397 2113 582 2155 conlatus
606 2113 755 2154 merito
780 2112 905 2154 etiam
927 2112 1193 2166 antiquarum
1216 2111 1430 2154 literarum
1451 2112 1572 2154 stilus
1594 2113 1786 2166 antiqua-

285 2184 412 2231 retur,
446 2183 632 2235 quodque
662 2181 899 2234 pretiosius,
937 2183 1026 2223 tota
1056 2180 1132 2222 illa
1163 2180 1289 2222 dictio
1323 2181 1383 2222 sic
1414 2181 1661 2223 caesuratim
1693 2193 1786 2222 suc-
1799 2199 1831 2224 25

287 2249 420 2292 cincta
459 2249 565 2303 quod
610 2250 831 2302 profluens,
870 2262 993 2303 quam
1023 2250 1144 2291 rebus
1177 2249 1362 2303 amplam
1394 2250 1664 2303 strictamque
1694 2262 1788 2292 sen-

285 2318 428 2360 tentiis
460 2319 614 2361 sentias
645 2320 737 2372 plus
771 2319 913 2360 docere
944 2331 1068 2371 quam
1099 2319 1245 2360 dicere.
1301 2318 1475 2371 denique
1507 2320 1546 2360 et
1579 2319 1787 2371 quondam

286 2399 360 2428 nec
391 2387 543 2429 iniuria
573 2388 673 2429 haec
702 2387 941 2441 principalis
976 2387 1166 2430 fecundia
1196 2389 1512 2440 conputabatur,
1552 2388 1616 2429 cui
1647 2388 1786 2441 paucis

285 2456 420 2497 multa
441 2456 650 2498 cohibenti
675 2468 796 2498 curae
818 2456 898 2498 fuit
916 2468 1083 2498 causam
1105 2457 1241 2509 potius
1263 2455 1418 2509 inplere
1436 2467 1561 2509 quam
1578 2457 1787 2510 paginam.

357 2647 376 2680 1
413 2647 524 2681 Hane
558 2647 762 2691 epistulam,
799 2658 872 2692 qua
908 2646 1083 2683 Sidonius
1115 2647 1350 2692 praecedenti
1386 2648 1576 2692 respondet
1608 2649 1674 2692 (est
1704 2648 1789 2684 libri

286 2703 383 2738 1111
414 2704 514 2747 epist.
555 2704 663 2750 ΙΙΙ),
701 2715 745 2740 ex
781 2705 989 2740 recensione
1025 2705 1159 2740 Bareti
1195 2705 1360 2740 dedimus
1528 2705 1572 2739 23
1607 2705 1786 2740 mollitum

288 2761 449 2796 Baretus
