1884 2998
588 84 648 119 De
673 86 800 119 statu
829 86 1003 121 animae
1034 86 1073 122 II
1099 87 1152 122 10.
1540 91 1622 134 139

117 209 355 252 sincerum?
396 207 496 262 quid
527 209 668 252 autem
699 222 791 252 mea
820 210 958 261 refert,
1002 211 1101 264 quid
1132 224 1251 264 porro
1293 213 1455 256 adtinet
1485 216 1620 270 inpios

115 279 166 321 ob
198 278 429 320 detractam
460 277 622 320 diuinae
654 278 827 332 imagini
858 279 1108 333 dignitatem
1136 280 1338 324 diuinitus
1359 282 1499 336 plecti,
1525 296 1620 327 cum

114 347 268 389 memet
297 347 510 399 inpietatis
540 347 712 389 huiusce
742 347 902 401 laqueis
934 349 1121 390 nouerim
1152 361 1234 391 non
1255 352 1416 393 teneri?
1446 352 1620 406 proinde

114 427 259 458 moneo
291 415 472 457 facessas
502 427 577 457 nec
606 415 835 458 sententiae
868 416 967 458 talis
993 416 1211 459 infamiam
1236 418 1342 459 mihi
1363 421 1619 463 mendaciter

86 484 268 532 5inuras.
320 496 430 526 nunc
461 495 536 538 ego
567 483 648 525 nisi
678 484 818 525 renuis
850 484 895 525 in
927 486 1002 526 tua
1031 485 1171 527 tecum
1200 487 1335 540 redeo,
1366 499 1412 528 ex
1440 490 1531 541 quis
1553 502 1619 531 ar-

114 553 337 603 bitrabere,
368 554 611 594 utrumnam
642 551 756 594 istud
786 551 829 594 in
863 552 997 606 inpios
1034 553 1267 606 prophetici
1297 557 1497 597 sermonis
1529 569 1620 599 ora-

114 622 254 664 culum
287 633 339 663 an
368 623 410 663 in
441 624 483 663 te
512 621 568 663 sit
597 623 857 674 porrectum,
889 623 930 663 te
962 620 1139 676 scilicet,
1178 622 1219 663 te
1252 623 1386 676 magis
1418 624 1620 677 perstrin-

114 692 200 745 gat,
242 690 313 744 qui
342 691 560 744 praetento
599 689 794 731 scientiae
832 689 1054 742 priuilegio
1091 692 1236 732 contra
1266 690 1424 733 famam
1456 692 1620 734 deditus

114 760 345 802 sententiae
385 760 426 801 et
465 760 607 800 contra
638 757 887 800 sententiam
918 757 1123 800 sollicitus
1165 758 1296 800 famae
1327 760 1485 810 eadem,
1519 773 1620 814 quae

68 851 102 876 10
114 828 211 870 istic
240 828 358 869 uelut
389 827 523 869 aliena
561 826 713 877 renuis,
746 826 834 868 illic
874 826 1021 867 itidem
1057 826 1190 868 ueluti
1220 827 1386 881 propria
1417 828 1618 871 defendis.

171 895 236 938 Ne
283 896 374 949 quis
419 896 475 937 sit
511 897 654 936 tamen
694 894 764 936 uel
806 894 909 936 mihi
948 906 1065 936 secus
1103 894 1405 949 interpretandi
1441 896 1508 938 uel
1540 896 1620 938 tibi

114 964 251 1006 forsan
281 963 490 1005 infitiandi
520 963 647 1014 locus,
678 963 723 1004 in
759 962 1087 1016 praesentiarum
1118 975 1241 1016 super
1266 964 1415 1017 quibus
1452 965 1621 1020 agimus

114 1034 287 1086 utraque
328 1032 558 1074 uideamus.
609 1032 809 1084 propheta
847 1044 995 1085 nempe
1033 1031 1134 1073 dicit
1174 1031 1310 1084 inpios
1352 1032 1507 1074 dicere:
1542 1045 1620 1075 ex·

114 1101 374 1144 stinctum
419 1100 554 1143 cinis
601 1101 706 1142 erit
757 1111 941 1153 corpus
991 1100 1227 1142 nostrum
1286 1103 1333 1142 et
1391 1102 1620 1155 spiritus

67 1192 101 1218 15
115 1169 463 1212 diffundetur
501 1171 769 1222 tamquam
804 1168 985 1210 mollis
1015 1180 1110 1210 aer.
1162 1168 1375 1211 enimuero
1407 1170 1497 1211 tute
1519 1169 1621 1223 quid

114 1238 247 1280 dicis?
278 1237 571 1280 nonnullae
614 1238 758 1288 sunt,
794 1236 946 1290 inquis,
978 1235 1258 1290 spiritales
1288 1240 1532 1290 naturae,
1564 1240 1622 1279 ut

113 1307 316 1361 angeli,
356 1304 670 1360 archangeli
700 1307 1012 1358 ceteraeque
1050 1304 1306 1359 uirtutes,
1345 1306 1457 1359 ipsa
1502 1318 1619 1359 quo-

114 1387 207 1429 que
240 1376 414 1417 anima
445 1374 629 1416 nostra
658 1373 742 1415 uel
774 1374 917 1415 certe
942 1386 1025 1415 aer
1045 1374 1155 1415 iste
1178 1372 1425 1428 subtilis,
1448 1375 1621 1416 tamen

112 1444 460 1497 incorporeae
491 1442 809 1484 nullatenus
840 1441 1219 1484 aestimandae.
1250 1442 1431 1494 intende,
1455 1454 1619 1496 quaeso,

67 1536 101 1562 20
114 1514 314 1566 animum,
344 1524 418 1566 pro
450 1513 621 1565 quisque
649 1512 781 1553 nostri
802 1510 971 1564 arbiter,
1002 1510 1142 1563 ferque
1172 1510 1387 1564 iudicium,
1411 1510 1519 1553 sitne
1541 1511 1621 1553 ali-

113 1581 221 1635 quod
271 1580 602 1634 prolocutionum
651 1580 849 1622 harumce
896 1579 1139 1621 discrimen:
1185 1578 1290 1632 inpii
1337 1579 1387 1621 de
1437 1579 1621 1621 humano

112 1649 275 1704 spiritu,
299 1650 348 1691 de
379 1650 518 1691 anima
547 1648 744 1691 uidelicet
775 1649 959 1690 humana
990 1647 1195 1699 dixerunt,
1230 1649 1338 1701 quod
1368 1647 1622 1690 diffundatur

250 1756 293 1792 16
317 1756 362 1794 cf.
387 1767 468 1802 pag.
497 1757 551 1799 10,
580 1758 597 1791 1

182 1855 199 1889 1
226 1854 399 1889 sinceram
424 1854 500 1889 Mb
639 1854 701 1899 qui
726 1854 761 1889 R
892 1853 936 1888 ad
961 1864 1016 1887 me
1044 1853 1116 1888 Mb
1249 1851 1361 1895 impio
1387 1851 1453 1885 sub
1477 1850 1622 1894 BER,

111 1935 239 1980 impios
264 1935 328 1969 sub
352 1935 404 1978 A,
445 1934 572 1979 impios
596 1915 644 1968 {lb
669 1933 751 1975 LS,
791 1934 901 1978 impio
928 1933 972 1969 ob
996 1934 1069 1968 Mb
1205 1933 1226 1966 2
1251 1932 1410 1975 imagine
1434 1929 1622 1972 BH¹RS¹‚

112 1992 282 2038 imaginis
312 1992 407 2027 AG²
546 1991 717 2026 diuinitas
749 1991 926 2027 ΒΗἭΕ1
1063 1990 1085 2024 4
1117 1990 1255 2034 moneo]
1288 1999 1358 2023 non
1390 1987 1477 2024 add.
1509 1987 1622 2022 ABD

111 2061 189 2097 EF
328 2050 413 2117 tali}
444 2061 477 2096 G
614 2061 635 2095 5
664 2071 732 2105 ego
756 2072 824 2097 om.
850 2061 922 2096 Mb
1059 2060 1202 2095 rennuis
1227 2057 1430 2094 ACGH¹L
1566 2066 1623 2090 ar-

111 2129 290 2164 bitrauere
332 2129 547 2165 CGHLRS
703 2129 725 2163 6
761 2130 855 2163 istuc
891 2128 961 2164 RS
1117 2126 1318 2172 prophetice
1354 2123 1623 2166 ABGHLRS,

111 2187 299 2232 prophicae
337 2187 367 2222 G
503 2187 523 2220 7
556 2188 862 2230 an-porrectum
894 2197 960 2221 om.
998 2185 1084 2220 libri
1109 2187 1264 2229 praeter
1296 2183 1344 2217 M
1373 2192 1495 2218 omnes
1528 2181 1623 2225 (cum

114 2244 197 2287 PT)
235 2249 269 2280 et
306 2244 384 2279 Sch.
550 2243 794 2288 praestringat
829 2242 1049 2279 ACEFGR
1066 2241 1162 2283 Sch„
1208 2240 1423 2286 perstringit
1452 2249 1499 2283 p,
1546 2248 1623 2282 pre-

114 2302 265 2346 stringit
289 2301 363 2336 Mb
504 2302 526 2335 8
551 2301 745 2346 priuilegia
767 2301 804 2335 A
912 2315 915 2319 ’
942 2300 964 2334 9
995 2298 1204 2343 sententiae]
1231 2297 1397 2332 scientiae
1422 2295 1532 2330 MRb

113 2359 273 2404 eademq-
315 2358 692 2399 ABCGHLMRSb,
740 2357 930 2402 eademque
965 2357 1004 2391 D
1144 2355 1188 2390 10
1224 2353 1370 2388 rennuis
1405 2350 1624 2392 AGROER,

112 2417 251 2461 respuis
282 2418 327 2461 12²
465 2418 501 2450 et
534 2420 618 2460 post
654 2415 732 2450 illic
767 2415 898 2450 inserit
929 2414 1004 2448 Mb
1145 2413 1183 2447 11
1222 2411 1310 2455 quid
1344 2407 1629 2445 ABG'D'EFH

113 2473 230 2509 LRS¹
371 2474 415 2508 12
450 2472 631 2507 inficiendi
668 2472 760 2506 BH¹
905 2471 949 2505 13
984 2470 1178 2505 exstinctus
1217 2468 1251 2503 G
1271 2466 1349 2501 Sch.
1489 2465 1532 2500 19
1568 2474 1623 2499 ex-

112 2530 352 2565 histimandae
384 2530 447 2572 M,
488 2528 744 2564 existimandae
773 2528 793 2563 b
940 2528 985 2562 20
1015 2527 1091 2572 pro]
1125 2527 1161 2560 te
1192 2524 1278 2559 add.
1310 2523 1330 2557 b
1468 2521 1624 2556 arbitrer

113 2587 150 2623 R
273 2587 413 2631 fertque
440 2587 475 2622 G
592 2585 730 2631 aliquid
753 2585 830 2620 AD
952 2585 995 2619 21
1021 2582 1301 2628 prolocutionem
1326 2579 1363 2614 R
1477 2578 1623 2613 hariisce

114 2644 178 2687 M,
225 2645 354 2678 harum
391 2645 412 2679 b
555 2643 601 2677 22
635 2643 789 2677 humana
825 2641 995 2677 uidelicet
1030 2640 1149 2675 anima
1184 2639 1233 2673 M
1264 2636 1417 2672 editores
1554 2634 1623 2669 dis-

114 2700 278 2735 funditur
303 2701 377 2735 Mb
