1884 2998
293 143 377 185 144
803 139 1045 176 Claudiani
1068 140 1278 176 Mamerti

294 279 414 310 omne
452 266 737 320 incorporeum
776 267 960 309 creatum
999 267 1160 321 potiore
1190 267 1284 309 nisu
1325 279 1399 320 pro
1436 267 1694 311 substantiae
1725 280 1794 310 ex-

293 334 546 378 cellentioris
578 335 785 390 dignitate
818 335 1075 378 tranauerint
1105 338 1228 390 atque
1259 336 1326 378 hic
1357 336 1535 378 redactis
1573 336 1794 390 paululum

292 404 543 458 respiraculo
593 416 743 458 pausae
793 404 953 447 uiribus
998 405 1042 446 in
1087 417 1278 458 suprema
1323 404 1551 459 incorporei
1601 404 1793 447 creatoris

294 473 502 527 agnitione
533 472 809 516 constiterint.
852 473 1041 526 quocirca
1061 486 1169 516 nunc
1190 474 1374 516 locorum
1395 473 1630 527 percontari
1651 473 1793 515 sedulo

292 542 524 596 corporales
569 541 671 583 istos
715 541 858 593 uelim,
905 554 1007 595 quae
1054 542 1138 584 fere
1176 542 1263 584 illis
1303 553 1427 595 super
1461 542 1538 584 hac
1569 540 1795 596 apostolica
1825 556 1841 582 5

292 610 497 653 sententia
527 610 595 652 sit.
646 621 743 651 nam
775 622 870 652 cum
902 622 945 651 se
977 610 1090 652 dicat
1127 610 1336 664 apostolus
1367 612 1535 664 raptum
1557 623 1644 652 esse
1665 622 1794 663 usque

291 679 343 722 ad
374 679 548 721 tertium
580 679 750 732 caelum,
791 678 973 731 primum
1004 690 1155 732 quaero
1194 678 1384 722 localiter
1413 678 1698 721 inlocaliterne
1738 678 1795 720 sit

291 750 447 802 raptus,
480 749 521 790 et
552 747 624 800 qui
654 747 737 789 tres
767 747 839 788 isti
871 747 974 788 caeli
1006 747 1102 798 sint,
1135 760 1238 790 anne
1268 747 1408 801 plures
1439 748 1599 799 horum,
1633 758 1686 788 an
1706 759 1793 789 om-

290 829 361 859 nes
393 817 587 871 corporei,
626 827 730 858 anne
761 815 989 869 incorporei
1020 815 1217 870 quipiam,
1251 819 1298 858 ut
1330 816 1522 870 quoniam
1562 827 1636 858 nos
1668 815 1721 857 ad
1751 815 1794 856 id

290 897 419 939 usque
449 884 529 927 loci
571 884 867 937 disputationis
907 885 1003 927 ordo
1036 886 1212 941 deuexit,
1253 886 1352 940 quid
1382 886 1508 928 istinc
1539 884 1794 940 sequendum
1808 902 1840 926 10

290 953 347 995 sit
377 953 494 995 nobis
526 953 717 995 consulta
747 953 923 996 ueritate
960 953 1188 997 uideamus.

347 1033 411 1076 Ac
442 1033 623 1088 primum
653 1045 734 1076 non
765 1046 894 1087 usque
924 1035 1090 1077 facilem
1121 1037 1170 1078 de
1193 1037 1400 1078 caelorum
1423 1047 1594 1078 numero
1617 1033 1794 1088 quaesti·

293 1114 411 1144 onem
431 1103 554 1155 paulo
576 1102 857 1156 scrupulosius
878 1103 1143 1146 uentilemus.
1175 1117 1324 1157 nempe
1346 1103 1547 1159 legimus:
1570 1103 1794 1145 laudate

289 1171 581 1221 dominum,
615 1171 749 1213 caeli
782 1172 1069 1223 caelorum,
1116 1175 1185 1215 sed
1216 1173 1324 1214 istuc
1353 1174 1394 1214 et
1426 1173 1475 1214 de
1506 1172 1650 1213 multis
1683 1172 1725 1213 et
1746 1171 1795 1212 de

290 1240 396 1283 binis
439 1240 539 1282 licet
577 1240 782 1295 intellegi,
814 1243 863 1282 ut
901 1243 941 1282 et
972 1241 1110 1295 plures
1149 1242 1252 1283 caeli
1293 1241 1475 1295 plurium
1516 1241 1722 1283 caelorum
1753 1240 1796 1281 et
1809 1257 1841 1283 15

288 1308 367 1351 duo
400 1308 502 1351 caeli
532 1308 706 1351 duorum
738 1309 945 1352 caelorum
976 1310 1107 1352 tacito
1139 1310 1302 1352 numeri
1325 1310 1501 1353 articulo
1525 1309 1655 1363 accipi
1676 1319 1795 1362 posse

286 1377 517 1421 uideantur.
571 1390 662 1420 6666
693 1390 717 1419 6
758 1381 889 1420 161166
930 1378 1134 1433 contiguis
1173 1391 1264 1421 aere
1305 1380 1426 1421 tenus
1468 1389 1669 1432 aquarum
1710 1376 1794 1418 ele-

285 1446 473 1488 mentum
504 1448 579 1498 est,
621 1447 713 1489 exin
752 1447 1002 1500 profundum
1043 1448 1150 1491 aeris
1191 1460 1320 1501 usque
1359 1448 1411 1489 ad
1451 1446 1609 1489 lunaris
1650 1444 1794 1488 sideris

286 1515 478 1558 citimum
515 1516 670 1570 lumen,
717 1516 866 1559 abhinc
906 1516 1070 1570 ignium
1112 1516 1391 1559 aetheriorum
1421 1515 1560 1569 spatia
1589 1526 1718 1568 usque
1748 1513 1793 1554 in

288 1583 443 1626 extima
473 1584 812 1637 transmundana,
835 1597 916 1640 qua
936 1585 1187 1640 sphaeroidis
1208 1585 1330 1640 globo
1352 1584 1531 1627 mundus
1552 1582 1792 1627 includitur.
1805 1601 1838 1628 πο

422 1721 467 1756 13
491 1720 623 1755 Ρ361111.
651 1720 728 1763 148,
753 1720 776 1755 4

357 1847 373 1882 1
401 1848 533 1892 pociori
557 1848 631 1883 Mb
760 1848 782 1882 2
806 1848 1006 1883 tranauerit
1031 1848 1120 1891 Mb,
1157 1829 1367 1903 tracntauerit
1391 1847 1421 1883 S
1543 1845 1629 1881 111116
1651 1845 1701 1888 D,
1737 1845 1795 1880 inc

285 1928 346 1970 M,
385 1929 423 1962 in
448 1929 469 1963 b
607 1928 763 1963 reductis
787 1929 969 1963 Barthius
1105 1929 1128 1964 3
1152 1930 1302 1974 pausent
1321 1929 1368 1973 12²
1504 1908 1642 1971 suprema
1666 1926 1703 1962 R

285 1986 493 2030 incorporea
524 1986 733 2021 ABDE¹F
746 1985 848 2027 Sela,
890 1986 1021 2021 11160161
1045 1987 1081 2022 R
1217 1987 1240 2021 4
1272 1986 1474 2021 constiterit
1506 1985 1581 2019 Mb
1716 1993 1794 2028 per-

285 2043 444 2078 cunctati
467 2043 619 2078 DEFG
751 2043 774 2078 5
798 2043 950 2078 uelimus
975 2043 1012 2078 R
1139 2043 1212 2078 fere
1236 2044 1319 2079 libri
1343 2054 1424 2078 cum
1448 2043 1521 2078 PT
1539 2052 1668 2084 onmes,
1708 2050 1794 2075 uera

286 2101 439 2136 editores
571 2100 646 2135 illic
665 2111 695 2145 p
826 2101 847 2136 6
872 2111 909 2136 se
933 2112 1001 2137 om.
1024 2101 1109 2136 libri
1129 2105 1282 2145 praeter
1305 2101 1355 2135 M
1376 2104 1411 2135 et
1435 2100 1516 2135 Sch.
1644 2098 1732 2133 dicit
1754 2098 1793 2133 D

285 2158 344 2200 H,
385 2158 442 2192 dio
466 2157 534 2192 LS
652 2168 727 2193 esse
751 2159 844 2200 Mb,
887 2169 922 2194 se
947 2159 994 2200 D,
1021 2169 1095 2193 sese
1118 2159 1196 2194 rell.
1213 2162 1247 2194 et
1264 2158 1344 2195 Sch.
1478 2157 1498 2190 7
1523 2167 1566 2191 an
1592 2155 1794 2191 inlocaliter

284 2214 378 2256 Mb,
418 2213 572 2256 fortasse
597 2225 642 2248 an
667 2214 911 2250 inlocaliterne
934 2215 1163 2251 scribendum
1188 2218 1240 2250 est
1354 2215 1418 2258 sit]
1445 2214 1513 2249 erit
1536 2213 1583 2248 M
1701 2213 1724 2248 8
1748 2223 1793 2248 an

284 2271 358 2307 Mb
497 2271 518 2305 9
551 2271 713 2315 quipiam
737 2271 933 2315 Barthius,
974 2272 1156 2317 quippiam
1181 2272 1265 2307 libri
1289 2275 1321 2307 et
1346 2271 1501 2307 editores
1638 2270 1733 2316 quod
1756 2270 1793 2305 B

283 2328 330 2371 F,
373 2338 460 2372 quos
491 2327 530 2362 D
668 2328 712 2362 10
742 2338 853 2373 usque
882 2339 950 2364 om.
982 2329 1013 2364 S
1148 2329 1190 2364 12
1223 2329 1326 2364 facile
1362 2328 1554 2370 Galland„
1597 2328 1724 2363 faciam
1749 2328 1798 2363 M

285 2388 393 2430 (corr.
422 2386 465 2420 in
495 2386 624 2430 mary.)
761 2386 1009 2430 quaestionum
1041 2387 1078 2423 R
1216 2387 1259 2421 13
1295 2386 1466 2421 uentilem
1497 2385 1703 2420 ABDE¹F

287 2443 330 2478 14
346 2442 437 2478 caeli
454 2452 520 2478 om.
539 2441 613 2477 Mb
734 2442 819 2477 istic
841 2443 871 2478 C
991 2444 1034 2479 15
1050 2443 1244 2488 plurimum
1262 2443 1399 2487 BMS¹,
1424 2443 1659 2487 plurimorum
1672 2453 1700 2487 p

287 2500 330 2535 16
360 2499 550 2544 caelorum]
583 2500 656 2534 1000
686 2499 772 2535 add.
805 2500 986 2535 Barthius
1126 2501 1167 2535 17
1199 2502 1295 2536 terra
1323 2500 1491 2545 contiguo
1522 2500 1595 2535 Mb
1733 2510 1791 2535 aer

285 2558 430 2592 eatenus
456 2557 511 2599 A,
552 2556 736 2591 aeretenus
766 2556 800 2592 G·
935 2558 979 2592 18
1004 2558 1058 2592 est
1081 2567 1144 2592 om.
1173 2557 1204 2593 S
1337 2557 1426 2592 exim
1457 2557 1494 2593 R
1630 2558 1790 2593 lunarem

284 2635 334 2670 M
338 2635 376 2678 b,-
416 2617 552 2669 lunatis
586 2635 627 2671 F
758 2637 883 2672 sideris
916 2638 1078 2673 citimum
1108 2638 1237 2674 ΒΕΙΡ2
1262 2638 1358 2681 Sch„
1400 2638 1578 2674 sideriscit
1608 2639 1721 2674 imum
1754 2639 1791 2682 S,

284 2691 467 2727 siderescit
490 2692 603 2727 imum
628 2693 707 2729 rell.
731 2697 766 2730 et
789 2694 809 2729 b
946 2694 992 2730 20
1023 2695 1220 2740 spheroidis
1248 2695 1294 2739 G',
1333 2695 1500 2741 sphoydis
1525 2695 1587 2737 M,
1629 2695 1790 2731 sferoidis

284 2748 368 2791 BC,
407 2748 579 2793 speroidis
604 2751 692 2793 rell„
733 2752 971 2797 σφαιροειδής
995 2751 1160 2796 editores,
1185 2753 1231 2795 cf.
1251 2763 1335 2798 pay.
1360 2754 1419 2796 67,
1444 2755 1485 2788 11
