1884 2998
266 182 349 226 150
775 181 1021 216 Claudiani
1044 181 1255 217 Mamerti

321 306 430 360 Quid
469 308 518 350 de
557 306 630 350 illo
661 307 773 349 caelo
814 307 1012 355 dicemus,
1054 309 1161 360 quod
1188 293 1366 351 *domino
1402 308 1544 351 datum
1577 311 1650 362 est,
1681 323 1761 352 non

263 376 360 418 filiis
391 375 636 418 hominum?
667 387 760 430 ergo
791 375 1017 419 identidem
1048 377 1100 418 ad
1130 376 1293 431 eloquia
1323 377 1465 418 diuina
1488 389 1760 421 recurramus.

263 445 375 487 idem
405 456 551 498 nempe
595 444 936 499 psalmographus
982 445 1103 487 dicit:
1148 445 1486 488 confitemini
1531 446 1761 499 domino,

265 513 350 567 qui
380 514 513 556 fecit
543 513 717 556 caelos
748 513 798 555 in
835 513 1135 555 intellectu.
1185 514 1373 568 quocirca
1407 513 1441 555 si
1472 513 1515 555 in
1545 515 1762 558 intellectu

265 583 363 624 sunt
394 581 510 633 caeli,
543 594 642 636 quos
673 581 838 624 habitat
859 581 973 635 deuS‚
1005 594 1080 624 nec
1100 581 1178 624 nisi
1198 582 1483 636 incorporeum
1505 583 1665 625 caelum
1687 585 1763 636 est,
1787 599 1803 625 5

266 651 374 705 quod
413 651 576 693 domino
617 650 762 692 datum
799 652 874 698 est,
907 649 1106 692 uidelicet
1144 650 1211 692 cui
1241 653 1350 692 terra
1381 652 1443 692 est
1473 663 1592 693 omne
1623 664 1763 706 corpo-

262 732 380 762 reum
411 718 571 773 liquido
603 718 733 760 claret
763 730 882 760 omne
913 720 1020 771 quod
1050 718 1260 773 intellegit
1297 731 1379 761 11011
1401 731 1490 761 esse
1512 731 1764 773 corporeum.

264 799 382 842 porro
422 786 753 831 substantialiter
790 786 996 828 humanus
1035 787 1200 829 animus
1236 787 1457 841 intellegit,
1497 788 1764 842 incorporeus

265 857 395 912 igitur
426 857 489 898 est
520 855 681 897 animus
712 855 931 896 humanus.
983 867 1034 896 en
1065 854 1144 896 tibi
1165 856 1320 897 terram
1342 868 1504 898 omnem
1528 868 1765 910 corpoream

266 928 507 974 creaturam,
540 937 591 965 en
620 922 702 965 tibi
733 923 894 965 caelum
923 923 1202 978 incorpoream
1232 923 1639 979 intellectualemque
1670 926 1812 968 sub-10

266 994 480 1036 stantiam.
530 1005 639 1034 nunc
676 992 808 1045 igitur
847 992 896 1032 ut
934 991 1069 1045 possis
1107 1005 1180 1045 per
1225 994 1325 1034 duos
1371 994 1503 1035 caelos
1548 1006 1677 1047 usque
1721 993 1765 1035 in

265 1062 438 1103 tertium
479 1061 638 1103 caelum
667 1061 796 1103 Paulo
833 1062 1057 1114 praeeunte
1088 1061 1258 1115 raptari,
1290 1061 1526 1116 incorporeo
1568 1062 1632 1104 tui
1672 1062 1766 1104 uni-

266 1143 434 1173 uersum
492 1130 732 1172 transmitte
785 1141 1023 1183 corporeum
1078 1133 1251 1183 postque
1301 1131 1429 1172 etiam
1478 1131 1766 1185 incorporeum

267 1202 453 1242 creatum
497 1199 689 1252 idemque
727 1198 930 1240 mutabile
970 1198 1125 1240 acriore
1165 1198 1386 1241 admodum
1426 1199 1520 1241 nisu
1552 1202 1594 1241 et
1624 1199 1768 1241 uolatu

266 1268 491 1321 perniciore
545 1266 788 1309 transcende
841 1269 964 1319 atque
1003 1266 1153 1309 abhinc
1199 1268 1242 1308 in
1286 1268 1459 1309 tertium
1504 1267 1675 1319 caelum,
1722 1267 1768 1310 in
1781 1283 1813 1309 15

266 1336 394 1390 ipsius
410 1336 672 1378 inmutabilis
689 1335 918 1388 incorporei
935 1334 1177 1377 beatissima
1194 1336 1539 1389 contemplatione
1555 1336 1766 1390 requiesce

266 1406 399 1459 teque,
432 1408 610 1447 humana
640 1404 791 1455 anima,
823 1405 1102 1458 incorpoream
1134 1415 1266 1455 nosce,
1300 1405 1366 1446 cui
1395 1416 1467 1458 pro
1498 1406 1670 1447 naturae
1700 1417 1767 1446 ex-

266 1473 458 1516 cellentia
507 1475 746 1526 promptum
796 1476 858 1515 est
908 1474 1035 1515 simul
1074 1473 1117 1515 et
1146 1485 1371 1526 congruum
1416 1474 1527 1515 inter
1571 1474 1656 1515 ima
1699 1473 1767 1515 uel

268 1554 431 1584 summa
471 1542 534 1583 tui
575 1542 792 1595 tamquam
822 1541 1033 1583 mediante
1063 1542 1299 1583 substantia
1328 1542 1397 1583 uel
1426 1541 1533 1584 infra
1562 1541 1767 1595 despicere

270 1622 413 1665 corpus
444 1611 576 1652 imum
606 1611 673 1653 uel
704 1623 828 1665 supra
860 1612 1094 1665 conspicere
1127 1613 1248 1654 deum
1280 1623 1504 1653 summum.
1781 1626 1815 1652 20

325 1690 448 1733 Nunc
487 1693 648 1745 egomet
696 1691 882 1734 sciscitor
921 1693 1135 1734 adferasne
1174 1691 1292 1733 nobis
1331 1691 1458 1734 aliam
1498 1691 1548 1732 de
1588 1689 1767 1733 ternario

268 1760 475 1802 caelorum
505 1772 674 1802 numero
706 1773 753 1802 ac
783 1761 1026 1803 diuersitate
1056 1760 1268 1813 rationem,
1301 1771 1426 1813 quam
1447 1760 1614 1813 quidem
1636 1760 1766 1813 cupio,

269 1829 340 1871 sed
384 1829 515 1883 liquet
565 1829 884 1883 haudquaquam
931 1829 1021 1871 dari
1053 1841 1077 1871 a
1107 1841 1313 1883 quoquam
1358 1841 1486 1882 posse,
1534 1828 1615 1870 nisi
1661 1828 1769 1870 inter

270 1909 415 1951 corpus
455 1899 497 1938 et
535 1898 658 1940 deum
696 1900 844 1940 natura
874 1911 917 1940 se
947 1897 1205 1940 substantiae
1244 1897 1507 1951 incorporalis
1537 1897 1767 1951 interserat,

269 1966 365 2019 quia
394 1966 431 2007 si
461 1966 565 2008 nihil
597 1969 749 2020 absque
781 1968 855 2009 deo
893 1967 975 2009 nisi
1013 1979 1159 2020 corpus
1190 1967 1265 2018 est,
1296 1978 1377 2008 non
1408 1966 1492 2008 tres
1525 1977 1617 2020 ergo
1650 1964 1767 2016 caeli,
1782 1981 1815 2007 25

270 2034 340 2075 sed
378 2034 458 2076 duo
499 2037 609 2084 sunt,
647 2037 696 2077 ut
738 2049 867 2078 unum
905 2036 1036 2078 ferme
1075 2037 1234 2078 caelum
1274 2035 1331 2077 sit
1377 2047 1495 2076 omne
1541 2046 1684 2088 corpus
1730 2034 1771 2075 et

270 2104 427 2145 creator
459 2107 636 2157 corporis
667 2104 795 2146 aliud.
846 2117 990 2146 uerum
1021 2104 1216 2158 quoniam
1246 2116 1326 2146 non
1356 2105 1470 2145 trans
1492 2102 1677 2151 tertium,
1701 2103 1770 2144 sed

407 2244 429 2278 3
453 2242 587 2278 Psalm.
614 2244 691 2285 135,
717 2244 738 2278 3
763 2246 800 2278 et
824 2244 845 2278 5

339 2375 359 2409 1
396 2374 547 2408 dicimus
582 2374 666 2409 libri
695 2377 848 2418 praeter
889 2373 1056 2409 GEG²M
1085 2377 1118 2408 et
1150 2373 1232 2409 Sela.
1370 2373 1391 2407 2
1428 2372 1610 2408 redeamus
1649 2374 1683 2408 G-

270 2431 292 2466 3
316 2431 395 2466 ides!
420 2432 454 2466 A
553 2431 576 2465 4
600 2431 639 2465 in
652 2435 735 2475 post
751 2431 782 2465 si
803 2441 867 2465 om.
892 2430 1020 2467 AB1G
1112 2431 1133 2465 9
1158 2432 1211 2465 est
1227 2430 1339 2475 igitur
1363 2431 1399 2466 R
1491 2432 1587 2465 terra
1611 2430 1683 2465 Mb

273 2488 316 2523 10
352 2488 606 2531 substantiam]
643 2489 839 2522 creaturam
871 2490 918 2532 10²
1056 2488 1099 2522 12
1133 2489 1264 2533 peuute
1301 2487 1365 2523 GR
1504 2488 1547 2522 15
1582 2488 1772 2532 perciniore

275 2568 305 2603 0
397 2569 439 2602 16
463 2550 549 2612 ipsis
575 2568 605 2603 S
731 2569 773 2603 17
799 2568 988 2603 humanam
1013 2569 1169 2603 animam
1193 2569 1230 2604 R
1359 2578 1460 2602 nosse
1483 2569 1521 2604 R
1646 2569 1774 2602 natura

271 2625 308 2661 R
432 2625 473 2659 18
498 2625 587 2660 imat
618 2625 648 2661 G
760 2625 833 2660 ima
851 2626 909 2660 uel
926 2629 1066 2660 summa
1090 2626 1137 2660 M
1143 2626 1163 2660 b
1286 2625 1328 2660 19
1353 2625 1488 2669 despice
1512 2626 1565 2667 A,
1604 2625 1773 2669 dispicere

271 2681 308 2717 R
446 2681 491 2715 22
521 2692 666 2716 numero
693 2682 870 2717 caelorum
894 2682 945 2716 M
965 2681 1120 2717 editores
1258 2683 1360 2726 cupio
1385 2681 1457 2726 sed]
1484 2682 1620 2726 copiose
1651 2682 1682 2716 G

272 2737 317 2772 23
353 2738 435 2772 licet
471 2738 516 2780 Ο,
557 2738 645 2773 libet
683 2739 719 2775 R
856 2739 901 2774 24
936 2739 1120 2773 substante
1155 2739 1192 2775 R
1330 2739 1518 2783 corporalis
1549 2738 1585 2773 R
1603 2738 1681 2775 Sch.

272 2795 315 2830 27
341 2794 434 2839 quod
459 2794 629 2829 BDE¹F
