<?xml version="1.0" encoding="UTF-8"?>
<!DOCTYPE html PUBLIC "-//W3C//DTD XHTML 1.0 Transitional//EN"
    "http://www.w3.org/TR/xhtml1/DTD/xhtml1-transitional.dtd">
<html xmlns="http://www.w3.org/1999/xhtml" xml:lang="en" lang="en">
 <head>
  <title>
</title>
<meta http-equiv="Content-Type" content="text/html;charset=utf-8" />
  <meta name='ocr-system' content='tesseract 3.04.00' />
  <meta name='ocr-capabilities' content='ocr_page ocr_carea ocr_par ocr_line ocrx_word'/>
</head>
<body>
  <div class='ocr_page' id='page_1' title='image "./corpusscriptorum11clauuoft_0206.png"; bbox 0 0 1884 2998; ppageno 0'>
   <div class='ocr_carea' id='block_1_1' title="bbox 270 149 1251 196">
    <p class='ocr_par' dir='ltr' id='par_1_1' title="bbox 270 149 1251 196">
     <span class='ocr_line' id='line_1_1' title="bbox 270 149 1251 196; baseline -0.011 -1"><span class='ocrx_word' id='word_1_1' title='bbox 270 152 350 196; x_wconf 83' lang='lat'><strong>152</strong></span> <span class='ocrx_word' id='word_1_2' title='bbox 775 149 1020 186; x_wconf 78' lang='lat' dir='ltr'><strong>Claudiani</strong></span> <span class='ocrx_word' id='word_1_3' title='bbox 1043 150 1251 185; x_wconf 81' lang='lat' dir='ltr'><strong>Mamerti</strong></span> 
     </span>
    </p>
   </div>
   <div class='ocr_carea' id='block_1_2' title="bbox 217 276 1808 1427">
    <p class='ocr_par' dir='ltr' id='par_1_2' title="bbox 262 276 1804 880">
     <span class='ocr_line' id='line_1_2' title="bbox 266 276 1761 332; baseline 0 -12"><span class='ocrx_word' id='word_1_4' title='bbox 266 290 309 320; x_wconf 80' lang='lat' dir='ltr'><strong>se</strong></span> <span class='ocrx_word' id='word_1_5' title='bbox 351 277 482 332; x_wconf 85' lang='lat' dir='ltr'><strong>nouit,</strong></span> <span class='ocrx_word' id='word_1_6' title='bbox 522 277 702 319; x_wconf 81' lang='lat' dir='ltr'><strong>sentiens</strong></span> <span class='ocrx_word' id='word_1_7' title='bbox 742 277 883 319; x_wconf 84' lang='lat' dir='ltr'><strong>tamen</strong></span> <span class='ocrx_word' id='word_1_8' title='bbox 923 289 1006 319; x_wconf 92' lang='lat' dir='ltr'><strong>non</strong></span> <span class='ocrx_word' id='word_1_9' title='bbox 1036 276 1171 331; x_wconf 88' lang='lat' dir='ltr'><strong>ipsum</strong></span> <span class='ocrx_word' id='word_1_10' title='bbox 1202 290 1244 320; x_wconf 82' lang='lat' dir='ltr'><strong>se</strong></span> <span class='ocrx_word' id='word_1_11' title='bbox 1274 290 1361 320; x_wconf 82' lang='lat' dir='ltr'>osse</span> <span class='ocrx_word' id='word_1_12' title='bbox 1392 289 1537 331; x_wconf 81' lang='lat' dir='ltr'>corpus</span> <span class='ocrx_word' id='word_1_13' title='bbox 1567 290 1688 320; x_wconf 86' lang='lat' dir='ltr'><strong>suum</strong></span> <span class='ocrx_word' id='word_1_14' title='bbox 1719 280 1761 320; x_wconf 81' lang='lat' dir='ltr'><strong>et</strong></span> 
     </span>
     <span class='ocr_line' id='line_1_3' title="bbox 267 344 1761 400; baseline -0.001 -12"><span class='ocrx_word' id='word_1_15' title='bbox 267 346 326 388; x_wconf 84' lang='lat' dir='ltr'><strong>sio</strong></span> <span class='ocrx_word' id='word_1_16' title='bbox 356 358 448 388; x_wconf 91' lang='lat' dir='ltr'><strong>cum</strong></span> <span class='ocrx_word' id='word_1_17' title='bbox 480 344 674 387; x_wconf 82' lang='lat' dir='ltr'>eodemne</span> <span class='ocrx_word' id='word_1_18' title='bbox 706 357 758 387; x_wconf 82' lang='lat' dir='ltr'><strong>an</strong></span> <span class='ocrx_word' id='word_1_19' title='bbox 788 345 877 387; x_wconf 86' lang='lat' dir='ltr'><strong>sine</strong></span> <span class='ocrx_word' id='word_1_20' title='bbox 909 345 1049 387; x_wconf 79' lang='lat' dir='ltr'>eodem</span> <span class='ocrx_word' id='word_1_21' title='bbox 1078 346 1218 399; x_wconf 86' lang='lat' dir='ltr'><strong>raptus</strong></span> <span class='ocrx_word' id='word_1_22' title='bbox 1248 346 1301 387; x_wconf 88' lang='lat' dir='ltr'><strong>sit</strong></span> <span class='ocrx_word' id='word_1_23' title='bbox 1331 345 1522 400; x_wconf 79' lang='lat' dir='ltr'><strong>haesitat,</strong></span> <span class='ocrx_word' id='word_1_24' title='bbox 1555 358 1598 387; x_wconf 84' lang='lat' dir='ltr'><strong>so</strong></span> <span class='ocrx_word' id='word_1_25' title='bbox 1622 345 1761 400; x_wconf 88' lang='lat' dir='ltr'><strong>ipsum</strong></span> 
     </span>
     <span class='ocr_line' id='line_1_4' title="bbox 265 413 1760 468; baseline 0.001 -13"><span class='ocrx_word' id='word_1_26' title='bbox 265 417 406 455; x_wconf 83' lang='lat' dir='ltr'><strong>tamen</strong></span> <span class='ocrx_word' id='word_1_27' title='bbox 442 416 612 468; x_wconf 87' lang='lat' dir='ltr'><strong>raptum</strong></span> <span class='ocrx_word' id='word_1_28' title='bbox 649 426 731 456; x_wconf 83' lang='lat' dir='ltr'>esse</span> <span class='ocrx_word' id='word_1_29' title='bbox 772 426 854 456; x_wconf 86' lang='lat' dir='ltr'><strong>non</strong></span> <span class='ocrx_word' id='word_1_30' title='bbox 883 413 1059 456; x_wconf 82' lang='lat' dir='ltr'><strong>dubitat.</strong></span> <span class='ocrx_word' id='word_1_31' title='bbox 1107 416 1148 455; x_wconf 84' lang='lat' dir='ltr'><strong>et</strong></span> <span class='ocrx_word' id='word_1_32' title='bbox 1179 427 1272 456; x_wconf 84' lang='lat' dir='ltr'><strong>oum</strong></span> <span class='ocrx_word' id='word_1_33' title='bbox 1300 413 1406 456; x_wconf 80' lang='lat' dir='ltr'><strong>istoc</strong></span> <span class='ocrx_word' id='word_1_34' title='bbox 1435 425 1556 456; x_wconf 83' lang='lat' dir='ltr'>omne</span> <span class='ocrx_word' id='word_1_35' title='bbox 1586 414 1760 468; x_wconf 81' lang='lat' dir='ltr'><strong>patescit</strong></span> 
     </span>
     <span class='ocr_line' id='line_1_5' title="bbox 268 482 1759 537; baseline 0.001 -14"><span class='ocrx_word' id='word_1_36' title='bbox 268 482 498 534; x_wconf 85' lang='lat' dir='ltr'><strong>obscurum,</strong></span> <span class='ocrx_word' id='word_1_37' title='bbox 530 495 677 537; x_wconf 82' lang='lat' dir='ltr'><strong>nempe</strong></span> <span class='ocrx_word' id='word_1_38' title='bbox 707 483 755 535; x_wconf 86' lang='lat' dir='ltr'><strong>is,</strong></span> <span class='ocrx_word' id='word_1_39' title='bbox 787 483 857 536; x_wconf 88' lang='lat' dir='ltr'><strong>qui</strong></span> <span class='ocrx_word' id='word_1_40' title='bbox 881 495 952 524; x_wconf 87' lang='lat' dir='ltr'><strong>seu</strong></span> <span class='ocrx_word' id='word_1_41' title='bbox 974 495 1069 524; x_wconf 87' lang='lat' dir='ltr'><strong>cum</strong></span> <span class='ocrx_word' id='word_1_42' title='bbox 1099 494 1262 536; x_wconf 83' lang='lat' dir='ltr'>corpore</span> <span class='ocrx_word' id='word_1_43' title='bbox 1293 496 1365 525; x_wconf 83' lang='lat' dir='ltr'><strong>seu</strong></span> <span class='ocrx_word' id='word_1_44' title='bbox 1395 483 1483 525; x_wconf 85' lang='lat' dir='ltr'><strong>sine</strong></span> <span class='ocrx_word' id='word_1_45' title='bbox 1514 495 1680 537; x_wconf 85' lang='lat' dir='ltr'>corpore</span> <span class='ocrx_word' id='word_1_46' title='bbox 1704 483 1759 525; x_wconf 89' lang='lat' dir='ltr'><strong>sit</strong></span> 
     </span>
     <span class='ocr_line' id='line_1_6' title="bbox 265 550 1804 605; baseline 0 -13"><span class='ocrx_word' id='word_1_47' title='bbox 265 553 408 604; x_wconf 85' lang='lat' dir='ltr'><strong>raptus</strong></span> <span class='ocrx_word' id='word_1_48' title='bbox 437 550 619 593; x_wconf 83' lang='lat' dir='ltr'><strong>incertus</strong></span> <span class='ocrx_word' id='word_1_49' title='bbox 650 551 724 601; x_wconf 80' lang='lat' dir='ltr'><strong>est,</strong></span> <span class='ocrx_word' id='word_1_50' title='bbox 756 551 1035 604; x_wconf 76' lang='lat' dir='ltr'>Incorporeum</span> <span class='ocrx_word' id='word_1_51' title='bbox 1066 552 1206 592; x_wconf 81' lang='lat' dir='ltr'><strong>tamen</strong></span> <span class='ocrx_word' id='word_1_52' title='bbox 1237 563 1324 593; x_wconf 85' lang='lat' dir='ltr'>esse</span> <span class='ocrx_word' id='word_1_53' title='bbox 1355 552 1396 592; x_wconf 79' lang='lat' dir='ltr'><strong>et</strong></span> <span class='ocrx_word' id='word_1_54' title='bbox 1428 563 1572 605; x_wconf 87' lang='lat' dir='ltr'>corpus</span> <span class='ocrx_word' id='word_1_55' title='bbox 1609 550 1758 592; x_wconf 80' lang='lat' dir='ltr'><strong>habere</strong></span> <span class='ocrx_word' id='word_1_56' title='bbox 1790 567 1804 591; x_wconf 80' lang='lat'>⁵</span> 
     </span>
     <span class='ocr_line' id='line_1_7' title="bbox 266 618 1758 673; baseline -0.001 -12"><span class='ocrx_word' id='word_1_57' title='bbox 266 631 308 661; x_wconf 84' lang='lat' dir='ltr'><strong>se</strong></span> <span class='ocrx_word' id='word_1_58' title='bbox 347 618 482 662; x_wconf 83' lang='lat' dir='ltr'><strong>certus</strong></span> <span class='ocrx_word' id='word_1_59' title='bbox 520 619 595 670; x_wconf 85' lang='lat' dir='ltr'><strong>est,</strong></span> <span class='ocrx_word' id='word_1_60' title='bbox 627 618 725 672; x_wconf 90' lang='lat' dir='ltr'><strong>quia</strong></span> <span class='ocrx_word' id='word_1_61' title='bbox 762 620 796 660; x_wconf 85' lang='lat' dir='ltr'><strong>si</strong></span> <span class='ocrx_word' id='word_1_62' title='bbox 826 631 907 661; x_wconf 88' lang='lat' dir='ltr'><strong>non</strong></span> <span class='ocrx_word' id='word_1_63' title='bbox 944 618 1032 660; x_wconf 84' lang='lat' dir='ltr'><strong>sine</strong></span> <span class='ocrx_word' id='word_1_64' title='bbox 1063 630 1228 673; x_wconf 82' lang='lat' dir='ltr'>corpore</span> <span class='ocrx_word' id='word_1_65' title='bbox 1257 619 1402 672; x_wconf 79' lang='lat' dir='ltr'><strong>raptus</strong></span> <span class='ocrx_word' id='word_1_66' title='bbox 1434 620 1510 670; x_wconf 86' lang='lat' dir='ltr'><strong>est,</strong></span> <span class='ocrx_word' id='word_1_67' title='bbox 1542 621 1582 660; x_wconf 84' lang='lat' dir='ltr'><strong>et</strong></span> <span class='ocrx_word' id='word_1_68' title='bbox 1612 630 1758 672; x_wconf 84' lang='lat' dir='ltr'>corpus</span> 
     </span>
     <span class='ocr_line' id='line_1_8' title="bbox 269 687 1758 741; baseline -0.001 -11"><span class='ocrx_word' id='word_1_69' title='bbox 269 699 362 730; x_wconf 85' lang='lat' dir='ltr'><strong>oum</strong></span> <span class='ocrx_word' id='word_1_70' title='bbox 393 687 467 730; x_wconf 84' lang='lat' dir='ltr'><strong>illo</strong></span> <span class='ocrx_word' id='word_1_71' title='bbox 498 690 661 741; x_wconf 87' lang='lat' dir='ltr'><strong>raptum</strong></span> <span class='ocrx_word' id='word_1_72' title='bbox 694 689 769 738; x_wconf 83' lang='lat' dir='ltr'><strong>est,</strong></span> <span class='ocrx_word' id='word_1_73' title='bbox 802 689 843 729; x_wconf 81' lang='lat' dir='ltr'><strong>ot</strong></span> <span class='ocrx_word' id='word_1_74' title='bbox 873 698 956 729; x_wconf 89' lang='lat' dir='ltr'><strong>non</strong></span> <span class='ocrx_word' id='word_1_75' title='bbox 980 690 1121 730; x_wconf 86' lang='lat' dir='ltr'><strong>tamen</strong></span> <span class='ocrx_word' id='word_1_76' title='bbox 1150 688 1226 730; x_wconf 82' lang='lat' dir='ltr'><strong>hoc</strong></span> <span class='ocrx_word' id='word_1_77' title='bbox 1256 690 1316 729; x_wconf 85' lang='lat' dir='ltr'><strong>est</strong></span> <span class='ocrx_word' id='word_1_78' title='bbox 1345 687 1432 741; x_wconf 82' lang='lat' dir='ltr'><strong>ipse</strong></span> <span class='ocrx_word' id='word_1_79' title='bbox 1465 688 1573 741; x_wconf 87' lang='lat' dir='ltr'>quod</span> <span class='ocrx_word' id='word_1_80' title='bbox 1600 699 1758 741; x_wconf 82' lang='lat' dir='ltr'>corpus,</span> 
     </span>
     <span class='ocr_line' id='line_1_9' title="bbox 268 755 1760 810; baseline -0.001 -12"><span class='ocrx_word' id='word_1_81' title='bbox 268 769 363 798; x_wconf 85' lang='lat' dir='ltr'><strong>cum</strong></span> <span class='ocrx_word' id='word_1_82' title='bbox 393 768 470 809; x_wconf 89' lang='lat' dir='ltr'><strong>quo</strong></span> <span class='ocrx_word' id='word_1_83' title='bbox 501 756 643 810; x_wconf 84' lang='lat' dir='ltr'><strong>raptus</strong></span> <span class='ocrx_word' id='word_1_84' title='bbox 676 756 752 798; x_wconf 83' lang='lat' dir='ltr'><strong>est.</strong></span> <span class='ocrx_word' id='word_1_85' title='bbox 803 756 838 798; x_wconf 87' lang='lat' dir='ltr'><strong>si</strong></span> <span class='ocrx_word' id='word_1_86' title='bbox 869 755 956 797; x_wconf 84' lang='lat' dir='ltr'><strong>sine</strong></span> <span class='ocrx_word' id='word_1_87' title='bbox 987 768 1163 809; x_wconf 85' lang='lat' dir='ltr'>corpore,</span> <span class='ocrx_word' id='word_1_88' title='bbox 1188 756 1322 798; x_wconf 90' lang='lat' dir='ltr'><strong>multo</strong></span> <span class='ocrx_word' id='word_1_89' title='bbox 1342 756 1480 810; x_wconf 84' lang='lat' dir='ltr'><strong>potius</strong></span> <span class='ocrx_word' id='word_1_90' title='bbox 1500 755 1760 809; x_wconf 80' lang='lat' dir='ltr'><strong>intellegitur</strong></span> 
     </span>
     <span class='ocr_line' id='line_1_10' title="bbox 262 824 1760 880; baseline 0 -15"><span class='ocrx_word' id='word_1_91' title='bbox 262 836 343 866; x_wconf 88' lang='lat' dir='ltr'><strong>non</strong></span> <span class='ocrx_word' id='word_1_92' title='bbox 374 836 461 866; x_wconf 81' lang='lat' dir='ltr'>esse</span> <span class='ocrx_word' id='word_1_93' title='bbox 496 836 656 878; x_wconf 85' lang='lat' dir='ltr'>corpus,</span> <span class='ocrx_word' id='word_1_94' title='bbox 689 826 796 878; x_wconf 88' lang='lat' dir='ltr'>quod</span> <span class='ocrx_word' id='word_1_95' title='bbox 825 824 964 878; x_wconf 82' lang='lat' dir='ltr'><strong>potest</strong></span> <span class='ocrx_word' id='word_1_96' title='bbox 999 836 1085 867; x_wconf 80' lang='lat' dir='ltr'><strong>esse</strong></span> <span class='ocrx_word' id='word_1_97' title='bbox 1116 826 1203 867; x_wconf 84' lang='lat' dir='ltr'><strong>sine</strong></span> <span class='ocrx_word' id='word_1_98' title='bbox 1234 837 1411 879; x_wconf 81' lang='lat' dir='ltr'>corpore.</span> <span class='ocrx_word' id='word_1_99' title='bbox 1462 825 1589 880; x_wconf 82' lang='lat' dir='ltr'><strong>scio,</strong></span> <span class='ocrx_word' id='word_1_100' title='bbox 1610 824 1760 878; x_wconf 87' lang='lat' dir='ltr'><strong>inquit,</strong></span> 
     </span>
    </p>

    <p class='ocr_par' dir='ltr' id='par_1_3' title="bbox 217 891 1808 1427">
     <span class='ocr_line' id='line_1_11' title="bbox 217 891 1808 947; baseline 0.001 -13"><span class='ocrx_word' id='word_1_101' title='bbox 217 942 222 947; x_wconf 43' lang='grc'><strong>,</strong></span> <span class='ocrx_word' id='word_1_102' title='bbox 263 892 518 935; x_wconf 79' lang='lat' dir='ltr'><strong>hominem</strong></span> <span class='ocrx_word' id='word_1_103' title='bbox 557 894 784 945; x_wconf 81' lang='lat' dir='ltr'><strong>raptum,</strong></span> <span class='ocrx_word' id='word_1_104' title='bbox 829 891 917 933; x_wconf 85' lang='lat' dir='ltr'><strong>sed</strong></span> <span class='ocrx_word' id='word_1_105' title='bbox 962 891 1076 933; x_wconf 84' lang='lat' dir='ltr'><strong>siue</strong></span> <span class='ocrx_word' id='word_1_106' title='bbox 1122 891 1172 932; x_wconf 88' lang='lat' dir='ltr'><strong>in</strong></span> <span class='ocrx_word' id='word_1_107' title='bbox 1211 902 1422 944; x_wconf 81' lang='lat' dir='ltr'>corpore</span> <span class='ocrx_word' id='word_1_108' title='bbox 1460 892 1573 933; x_wconf 80' lang='lat' dir='ltr'><strong>siue</strong></span> <span class='ocrx_word' id='word_1_109' title='bbox 1613 892 1808 935; x_wconf 81' lang='lat' dir='ltr'><strong>extram</strong></span> 
     </span>
     <span class='ocr_line' id='line_1_12' title="bbox 263 959 1761 1015; baseline -0.001 -13"><span class='ocrx_word' id='word_1_110' title='bbox 263 971 449 1014; x_wconf 84' lang='lat' dir='ltr'>corpus</span> <span class='ocrx_word' id='word_1_111' title='bbox 493 960 688 1011; x_wconf 83' lang='lat' dir='ltr'><strong>nescio,</strong></span> <span class='ocrx_word' id='word_1_112' title='bbox 733 959 840 1014; x_wconf 86' lang='lat' dir='ltr'>quod</span> <span class='ocrx_word' id='word_1_113' title='bbox 885 959 970 1002; x_wconf 85' lang='lat' dir='ltr'><strong>tale</strong></span> <span class='ocrx_word' id='word_1_114' title='bbox 1009 963 1072 1002; x_wconf 83' lang='lat' dir='ltr'><strong>est</strong></span> <span class='ocrx_word' id='word_1_115' title='bbox 1110 973 1156 1003; x_wconf 80' lang='lat' dir='ltr'><strong>ac</strong></span> <span class='ocrx_word' id='word_1_116' title='bbox 1186 962 1221 1003; x_wconf 89' lang='lat' dir='ltr'><strong>si</strong></span> <span class='ocrx_word' id='word_1_117' title='bbox 1259 961 1435 1004; x_wconf 80' lang='lat' dir='ltr'><strong>diceret:</strong></span> <span class='ocrx_word' id='word_1_118' title='bbox 1482 962 1649 1015; x_wconf 84' lang='lat' dir='ltr'><strong>raptum</strong></span> <span class='ocrx_word' id='word_1_119' title='bbox 1693 972 1761 1002; x_wconf 84' lang='lat' dir='ltr'><strong>me</strong></span> 
     </span>
     <span class='ocr_line' id='line_1_13' title="bbox 260 1028 1760 1084; baseline 0.001 -14"><span class='ocrx_word' id='word_1_120' title='bbox 260 1029 357 1078; x_wconf 85' lang='lat' dir='ltr'><strong>sci0,</strong></span> <span class='ocrx_word' id='word_1_121' title='bbox 399 1029 472 1070; x_wconf 84' lang='lat' dir='ltr'><strong>sed</strong></span> <span class='ocrx_word' id='word_1_122' title='bbox 502 1041 595 1071; x_wconf 81' lang='lat' dir='ltr'><strong>oum</strong></span> <span class='ocrx_word' id='word_1_123' title='bbox 627 1040 791 1083; x_wconf 83' lang='lat' dir='ltr'>corpore</span> <span class='ocrx_word' id='word_1_124' title='bbox 821 1041 874 1070; x_wconf 85' lang='lat' dir='ltr'><strong>an</strong></span> <span class='ocrx_word' id='word_1_125' title='bbox 902 1028 991 1070; x_wconf 84' lang='lat' dir='ltr'><strong>sine</strong></span> <span class='ocrx_word' id='word_1_126' title='bbox 1031 1040 1195 1082; x_wconf 82' lang='lat' dir='ltr'>corpore</span> <span class='ocrx_word' id='word_1_127' title='bbox 1225 1030 1376 1071; x_wconf 75' lang='lat' dir='ltr'><strong>nescio,</strong></span> <span class='ocrx_word' id='word_1_128' title='bbox 1430 1042 1524 1084; x_wconf 86' lang='lat' dir='ltr'>ergo</span> <span class='ocrx_word' id='word_1_129' title='bbox 1555 1029 1634 1071; x_wconf 84' lang='lat' dir='ltr'><strong>etsi</strong></span> <span class='ocrx_word' id='word_1_130' title='bbox 1665 1041 1760 1071; x_wconf 82' lang='lat' dir='ltr'><strong>cum</strong></span> 
     </span>
     <span class='ocr_line' id='line_1_14' title="bbox 262 1097 1758 1152; baseline -0.001 -12"><span class='ocrx_word' id='word_1_131' title='bbox 262 1109 428 1151; x_wconf 81' lang='lat' dir='ltr'>corpore</span> <span class='ocrx_word' id='word_1_132' title='bbox 457 1098 599 1152; x_wconf 87' lang='lat' dir='ltr'><strong>raptus</strong></span> <span class='ocrx_word' id='word_1_133' title='bbox 632 1110 688 1148; x_wconf 82' lang='lat' dir='ltr'><strong>es,</strong></span> <span class='ocrx_word' id='word_1_134' title='bbox 719 1097 809 1151; x_wconf 85' lang='lat' dir='ltr'><strong>rapi</strong></span> <span class='ocrx_word' id='word_1_135' title='bbox 847 1099 986 1139; x_wconf 84' lang='lat' dir='ltr'><strong>tamen</strong></span> <span class='ocrx_word' id='word_1_136' title='bbox 1015 1098 1104 1139; x_wconf 82' lang='lat' dir='ltr'><strong>sine</strong></span> <span class='ocrx_word' id='word_1_137' title='bbox 1139 1110 1304 1152; x_wconf 83' lang='lat' dir='ltr'>corpore</span> <span class='ocrx_word' id='word_1_138' title='bbox 1333 1098 1520 1152; x_wconf 87' lang='lat' dir='ltr'><strong>potuisti.</strong></span> <span class='ocrx_word' id='word_1_139' title='bbox 1568 1098 1758 1152; x_wconf 86' lang='lat' dir='ltr'>incorpo-</span> 
     </span>
     <span class='ocr_line' id='line_1_15' title="bbox 260 1166 1760 1221; baseline 0.001 -14"><span class='ocrx_word' id='word_1_140' title='bbox 260 1178 354 1208; x_wconf 87' lang='lat' dir='ltr'><strong>reus</strong></span> <span class='ocrx_word' id='word_1_141' title='bbox 392 1166 522 1220; x_wconf 85' lang='lat' dir='ltr'><strong>igitur</strong></span> <span class='ocrx_word' id='word_1_142' title='bbox 552 1179 593 1208; x_wconf 85' lang='lat' dir='ltr'><strong>es</strong></span> <span class='ocrx_word' id='word_1_143' title='bbox 625 1166 754 1209; x_wconf 75' lang='lat' dir='ltr'><strong>etiam</strong></span> <span class='ocrx_word' id='word_1_144' title='bbox 783 1166 827 1208; x_wconf 89' lang='lat' dir='ltr'><strong>in</strong></span> <span class='ocrx_word' id='word_1_145' title='bbox 858 1178 1034 1219; x_wconf 83' lang='lat' dir='ltr'>corpore,</span> <span class='ocrx_word' id='word_1_146' title='bbox 1066 1166 1101 1208; x_wconf 87' lang='lat' dir='ltr'><strong>si</strong></span> <span class='ocrx_word' id='word_1_147' title='bbox 1130 1167 1304 1220; x_wconf 82' lang='lat' dir='ltr'><strong>potuisti</strong></span> <span class='ocrx_word' id='word_1_148' title='bbox 1342 1167 1432 1221; x_wconf 86' lang='lat' dir='ltr'><strong>rapi</strong></span> <span class='ocrx_word' id='word_1_149' title='bbox 1463 1167 1550 1209; x_wconf 84' lang='lat' dir='ltr'><strong>sine</strong></span> <span class='ocrx_word' id='word_1_150' title='bbox 1581 1178 1760 1220; x_wconf 82' lang='lat' dir='ltr'>corpore,</span> 
     </span>
     <span class='ocr_line' id='line_1_16' title="bbox 263 1234 1805 1289; baseline -0.001 -12"><span class='ocrx_word' id='word_1_151' title='bbox 263 1234 412 1288; x_wconf 85' lang='lat' dir='ltr'><strong>quippo</strong></span> <span class='ocrx_word' id='word_1_152' title='bbox 456 1234 742 1289; x_wconf 78' lang='lat' dir='ltr'>incorporeum</span> <span class='ocrx_word' id='word_1_153' title='bbox 787 1235 945 1288; x_wconf 84' lang='lat' dir='ltr'>corpori</span> <span class='ocrx_word' id='word_1_154' title='bbox 990 1235 1106 1277; x_wconf 84' lang='lat' dir='ltr'>salua</span> <span class='ocrx_word' id='word_1_155' title='bbox 1142 1236 1206 1278; x_wconf 87' lang='lat' dir='ltr'><strong>sui</strong></span> <span class='ocrx_word' id='word_1_156' title='bbox 1243 1235 1476 1278; x_wconf 84' lang='lat' dir='ltr'><strong>substantia</strong></span> <span class='ocrx_word' id='word_1_157' title='bbox 1517 1235 1805 1278; x_wconf 81' lang='lat' dir='ltr'><strong>uiuifioandi1⁵</strong></span> 
     </span>
     <span class='ocr_line' id='line_1_17' title="bbox 261 1303 1757 1358; baseline 0 -12"><span class='ocrx_word' id='word_1_158' title='bbox 261 1303 445 1346; x_wconf 81' lang='lat' dir='ltr'><strong>eiusdem</strong></span> <span class='ocrx_word' id='word_1_159' title='bbox 475 1316 598 1346; x_wconf 83' lang='lat' dir='ltr'>causa</span> <span class='ocrx_word' id='word_1_160' title='bbox 642 1303 850 1355; x_wconf 79' lang='lat' dir='ltr'><strong>miscetur,</strong></span> <span class='ocrx_word' id='word_1_161' title='bbox 902 1305 949 1345; x_wconf 88' lang='lat' dir='ltr'><strong>ut</strong></span> <span class='ocrx_word' id='word_1_162' title='bbox 994 1303 1133 1345; x_wconf 85' lang='lat' dir='ltr'><strong>autem</strong></span> <span class='ocrx_word' id='word_1_163' title='bbox 1174 1316 1319 1358; x_wconf 86' lang='lat' dir='ltr'>corpus</span> <span class='ocrx_word' id='word_1_164' title='bbox 1358 1304 1445 1346; x_wconf 83' lang='lat' dir='ltr'><strong>sine</strong></span> <span class='ocrx_word' id='word_1_165' title='bbox 1484 1315 1651 1357; x_wconf 80' lang='lat' dir='ltr'>corporo</span> <span class='ocrx_word' id='word_1_166' title='bbox 1689 1305 1757 1354; x_wconf 85' lang='lat' dir='ltr'><strong>sit,</strong></span> 
     </span>
     <span class='ocr_line' id='line_1_18' title="bbox 262 1370 1018 1427; baseline 0.001 -14"><span class='ocrx_word' id='word_1_167' title='bbox 262 1371 421 1414; x_wconf 85' lang='lat' dir='ltr'><strong>statuta</strong></span> <span class='ocrx_word' id='word_1_168' title='bbox 450 1383 589 1414; x_wconf 80' lang='lat' dir='ltr'>rerum</span> <span class='ocrx_word' id='word_1_169' title='bbox 618 1372 707 1427; x_wconf 80' lang='lat' dir='ltr'>lego</span> <span class='ocrx_word' id='word_1_170' title='bbox 743 1384 825 1414; x_wconf 87' lang='lat' dir='ltr'><strong>non</strong></span> <span class='ocrx_word' id='word_1_171' title='bbox 855 1370 1018 1414; x_wconf 87' lang='lat' dir='ltr'><strong>sinitur.</strong></span> 
     </span>
    </p>
   </div>
   <div class='ocr_carea' id='block_1_3' title="bbox 939 1561 1071 1617">
    <p class='ocr_par' dir='ltr' id='par_1_4' title="bbox 939 1561 1071 1617">
     <span class='ocr_line' id='line_1_19' title="bbox 939 1561 1071 1617; baseline -0.015 1"><span class='ocrx_word' id='word_1_172' title='bbox 939 1561 1071 1617; x_wconf 88' lang='lat' dir='ltr'><strong>XIII.</strong></span> 
     </span>
    </p>
   </div>
   <div class='ocr_carea' id='block_1_4' title="bbox 260 1689 1803 1790">
    <p class='ocr_par' dir='ltr' id='par_1_5' title="bbox 260 1689 1803 1790">
     <span class='ocr_line' id='line_1_20' title="bbox 260 1689 1759 1722; baseline 0 -1"><span class='ocrx_word' id='word_1_173' title='bbox 260 1690 322 1720; x_wconf 84' lang='lat' dir='ltr'><strong>Ex</strong></span> <span class='ocrx_word' id='word_1_174' title='bbox 366 1689 629 1721; x_wconf 75' lang='lat' dir='ltr'>EVANGELIO</span> <span class='ocrx_word' id='word_1_175' title='bbox 674 1690 766 1721; x_wconf 90' lang='lat' dir='ltr'><strong>DEO</strong></span> <span class='ocrx_word' id='word_1_176' title='bbox 802 1690 890 1721; x_wconf 85' lang='lat' dir='ltr'><strong>PRO</strong></span> <span class='ocrx_word' id='word_1_177' title='bbox 935 1690 1362 1721; x_wconf 82' lang='lat' dir='ltr'>INCORPORALITATE</span> <span class='ocrx_word' id='word_1_178' title='bbox 1402 1689 1579 1721; x_wconf 79' lang='lat' dir='ltr'>ANIMAE</span> <span class='ocrx_word' id='word_1_179' title='bbox 1619 1691 1759 1722; x_wconf 84' lang='lat' dir='ltr'>TESTE</span> 
     </span>
     <span class='ocr_line' id='line_1_21' title="bbox 913 1759 1803 1790; baseline -0.001 -1"><span class='ocrx_word' id='word_1_180' title='bbox 913 1759 1097 1790; x_wconf 83' lang='lat' dir='ltr'><strong>VTITVR.</strong></span> <span class='ocrx_word' id='word_1_181' title='bbox 1770 1762 1803 1788; x_wconf 78' lang='lat'><strong>20</strong></span> 
     </span>
    </p>
   </div>
   <div class='ocr_carea' id='block_1_5' title="bbox 259 1849 1757 1974">
    <p class='ocr_par' dir='ltr' id='par_1_6' title="bbox 259 1849 1757 1974">
     <span class='ocr_line' id='line_1_22' title="bbox 314 1849 1756 1906; baseline 0 -13"><span class='ocrx_word' id='word_1_182' title='bbox 314 1849 395 1893; x_wconf 78' lang='lat' dir='ltr'><strong>Sed</strong></span> <span class='ocrx_word' id='word_1_183' title='bbox 433 1851 518 1894; x_wconf 87' lang='lat' dir='ltr'><strong>iam</strong></span> <span class='ocrx_word' id='word_1_184' title='bbox 556 1864 664 1894; x_wconf 85' lang='lat' dir='ltr'>nunc</span> <span class='ocrx_word' id='word_1_185' title='bbox 694 1851 869 1894; x_wconf 85' lang='lat' dir='ltr'><strong>testibus</strong></span> <span class='ocrx_word' id='word_1_186' title='bbox 909 1852 1026 1906; x_wconf 84' lang='lat' dir='ltr'><strong>meis,</strong></span> <span class='ocrx_word' id='word_1_187' title='bbox 1058 1852 1327 1906; x_wconf 83' lang='lat' dir='ltr'>praeconibus</span> <span class='ocrx_word' id='word_1_188' title='bbox 1359 1850 1520 1893; x_wconf 81' lang='lat' dir='ltr'><strong>scilicet</strong></span> <span class='ocrx_word' id='word_1_189' title='bbox 1551 1850 1756 1902; x_wconf 82' lang='lat' dir='ltr'><strong>ueritatis,</strong></span> 
     </span>
     <span class='ocr_line' id='line_1_23' title="bbox 259 1918 1757 1974; baseline 0 -13"><span class='ocrx_word' id='word_1_190' title='bbox 259 1920 311 1961; x_wconf 83' lang='lat' dir='ltr'><strong>ad</strong></span> <span class='ocrx_word' id='word_1_191' title='bbox 341 1919 622 1963; x_wconf 80' lang='lat' dir='ltr'><strong>indubitatam</strong></span> <span class='ocrx_word' id='word_1_192' title='bbox 651 1920 777 1962; x_wconf 84' lang='lat' dir='ltr'><strong>fidem</strong></span> <span class='ocrx_word' id='word_1_193' title='bbox 807 1919 963 1963; x_wconf 83' lang='lat' dir='ltr'><strong>ueritas</strong></span> <span class='ocrx_word' id='word_1_194' title='bbox 994 1920 1083 1974; x_wconf 84' lang='lat' dir='ltr'><strong>ipsa</strong></span> <span class='ocrx_word' id='word_1_195' title='bbox 1104 1919 1408 1962; x_wconf 82' lang='lat' dir='ltr'><strong>testificabitur.</strong></span> <span class='ocrx_word' id='word_1_196' title='bbox 1444 1918 1546 1962; x_wconf 84' lang='lat' dir='ltr'><strong>dicit</strong></span> <span class='ocrx_word' id='word_1_197' title='bbox 1567 1919 1611 1961; x_wconf 91' lang='lat' dir='ltr'><strong>in</strong></span> <span class='ocrx_word' id='word_1_198' title='bbox 1631 1931 1757 1961; x_wconf 82' lang='lat' dir='ltr'><strong>euan-</strong></span> 
     </span>
    </p>
   </div>
   <div class='ocr_carea' id='block_1_6' title="bbox 254 2134 1759 2809">
    <p class='ocr_par' dir='ltr' id='par_1_7' title="bbox 254 2134 1759 2809">
     <span class='ocr_line' id='line_1_24' title="bbox 324 2134 1668 2179; baseline 0.001 -11"><span class='ocrx_word' id='word_1_199' title='bbox 324 2135 345 2168; x_wconf 93' lang='lat'>1</span> <span class='ocrx_word' id='word_1_200' title='bbox 382 2144 418 2168; x_wconf 82' lang='lat' dir='ltr'><strong>se</strong></span> <span class='ocrx_word' id='word_1_201' title='bbox 448 2134 729 2179; x_wconf 86' lang='lat' dir='ltr'><strong>nouit—ipsum</strong></span> <span class='ocrx_word' id='word_1_202' title='bbox 762 2145 797 2169; x_wconf 85' lang='lat' dir='ltr'><strong>se</strong></span> <span class='ocrx_word' id='word_1_203' title='bbox 829 2145 897 2172; x_wconf 89' lang='lat' dir='ltr'><strong>om.</strong></span> <span class='ocrx_word' id='word_1_204' title='bbox 933 2134 968 2169; x_wconf 85' lang='lat' dir='ltr'><em>R</em></span> <span class='ocrx_word' id='word_1_205' title='bbox 1105 2135 1127 2170; x_wconf 78' lang='lat'><strong>2</strong></span> <span class='ocrx_word' id='word_1_206' title='bbox 1158 2135 1207 2170; x_wconf 87' lang='lat' dir='ltr'><strong>sic</strong></span> <span class='ocrx_word' id='word_1_207' title='bbox 1241 2135 1291 2170; x_wconf 88' lang='lat' dir='ltr'><strong><em>M</em></strong></span> <span class='ocrx_word' id='word_1_208' title='bbox 1312 2135 1486 2178; x_wconf 76' lang='lat' dir='ltr'><strong>editores,</strong></span> <span class='ocrx_word' id='word_1_209' title='bbox 1528 2135 1559 2169; x_wconf 84' lang='lat' dir='ltr'><strong>si</strong></span> <span class='ocrx_word' id='word_1_210' title='bbox 1591 2136 1668 2170; x_wconf 85' lang='lat' dir='ltr'><strong>rell.</strong></span> 
     </span>
     <span class='ocr_line' id='line_1_25' title="bbox 256 2191 1759 2237; baseline 0.001 -11"><span class='ocrx_word' id='word_1_211' title='bbox 256 2191 279 2226; x_wconf 91' lang='lat'><strong>3</strong></span> <span class='ocrx_word' id='word_1_212' title='bbox 302 2194 446 2237; x_wconf 82' lang='lat' dir='ltr'><strong>raptum</strong></span> <span class='ocrx_word' id='word_1_213' title='bbox 470 2202 537 2227; x_wconf 91' lang='lat' dir='ltr'><strong>om.</strong></span> <span class='ocrx_word' id='word_1_214' title='bbox 561 2192 648 2227; x_wconf 82' lang='lat' dir='ltr'><strong>libri</strong></span> <span class='ocrx_word' id='word_1_215' title='bbox 665 2196 818 2237; x_wconf 79' lang='lat' dir='ltr'><strong>praeter</strong></span> <span class='ocrx_word' id='word_1_216' title='bbox 842 2193 888 2227; x_wconf 90' lang='lat' dir='ltr'><strong><em>M</em></strong></span> <span class='ocrx_word' id='word_1_217' title='bbox 902 2196 935 2228; x_wconf 82' lang='lat' dir='ltr'><strong>et</strong></span> <span class='ocrx_word' id='word_1_218' title='bbox 952 2192 1031 2228; x_wconf 79' lang='lat' dir='ltr'><em>Sch.</em></span> <span class='ocrx_word' id='word_1_219' title='bbox 1157 2194 1246 2227; x_wconf 82' lang='lat' dir='ltr'><strong>istoc</strong></span> <span class='ocrx_word' id='word_1_220' title='bbox 1269 2193 1459 2235; x_wconf 69' lang='lat' dir='ltr'><strong>Bao-thius,</strong></span> <span class='ocrx_word' id='word_1_221' title='bbox 1498 2192 1591 2227; x_wconf 83' lang='lat' dir='ltr'><strong>istuc</strong></span> <span class='ocrx_word' id='word_1_222' title='bbox 1614 2192 1699 2228; x_wconf 80' lang='lat' dir='ltr'><strong>libri</strong></span> <span class='ocrx_word' id='word_1_223' title='bbox 1725 2195 1759 2227; x_wconf 81' lang='lat' dir='ltr'><strong>et</strong></span> 
     </span>
     <span class='ocr_line' id='line_1_26' title="bbox 256 2249 1759 2292; baseline 0 -8"><span class='ocrx_word' id='word_1_224' title='bbox 256 2249 414 2285; x_wconf 81' lang='lat' dir='ltr'><strong>editores</strong></span> <span class='ocrx_word' id='word_1_225' title='bbox 532 2249 556 2284; x_wconf 87' lang='lat'>4</span> <span class='ocrx_word' id='word_1_226' title='bbox 578 2249 635 2283; x_wconf 83' lang='lat' dir='ltr'><strong>his</strong></span> <span class='ocrx_word' id='word_1_227' title='bbox 659 2249 783 2292; x_wconf 84' lang='lat' dir='ltr'><strong><em>BCR,</em></strong></span> <span class='ocrx_word' id='word_1_228' title='bbox 826 2251 880 2284; x_wconf 88' lang='lat' dir='ltr'><strong>est</strong></span> <span class='ocrx_word' id='word_1_229' title='bbox 906 2250 941 2285; x_wconf 78' lang='lat' dir='ltr'><strong><em>G</em></strong></span> <span class='ocrx_word' id='word_1_230' title='bbox 1064 2260 1124 2285; x_wconf 87' lang='lat' dir='ltr'><strong>seu</strong></span> <span class='ocrx_word' id='word_1_231' title='bbox 1147 2253 1236 2284; x_wconf 74' lang='lat' dir='ltr'><strong>ante</strong></span> <span class='ocrx_word' id='word_1_232' title='bbox 1260 2249 1335 2284; x_wconf 83' lang='lat' dir='ltr'><strong>sine</strong></span> <span class='ocrx_word' id='word_1_233' title='bbox 1359 2260 1426 2284; x_wconf 89' lang='lat' dir='ltr'><strong>om.</strong></span> <span class='ocrx_word' id='word_1_234' title='bbox 1455 2249 1487 2285; x_wconf 80' lang='lat' dir='ltr'><strong><em>G</em></strong></span> <span class='ocrx_word' id='word_1_235' title='bbox 1599 2259 1660 2284; x_wconf 84' lang='lat' dir='ltr'><strong>seu</strong></span> <span class='ocrx_word' id='word_1_236' title='bbox 1684 2249 1759 2284; x_wconf 86' lang='lat' dir='ltr'><strong>sine</strong></span> 
     </span>
     <span class='ocr_line' id='line_1_27' title="bbox 256 2305 1668 2352; baseline 0 -11"><span class='ocrx_word' id='word_1_237' title='bbox 256 2316 400 2351; x_wconf 86' lang='lat' dir='ltr'>corpore</span> <span class='ocrx_word' id='word_1_238' title='bbox 423 2316 489 2343; x_wconf 88' lang='lat' dir='ltr'><strong>om.</strong></span> <span class='ocrx_word' id='word_1_239' title='bbox 514 2306 578 2341; x_wconf 83' lang='lat' dir='ltr'><strong>hoc</strong></span> <span class='ocrx_word' id='word_1_240' title='bbox 602 2306 677 2341; x_wconf 83' lang='lat' dir='ltr'><strong>loco</strong></span> <span class='ocrx_word' id='word_1_241' title='bbox 701 2310 735 2342; x_wconf 82' lang='lat' dir='ltr'><strong>et</strong></span> <span class='ocrx_word' id='word_1_242' title='bbox 757 2307 888 2341; x_wconf 76' lang='lat' dir='ltr'><strong>inserit</strong></span> <span class='ocrx_word' id='word_1_243' title='bbox 911 2317 956 2341; x_wconf 83' lang='lat' dir='ltr'><strong>an</strong></span> <span class='ocrx_word' id='word_1_244' title='bbox 981 2307 1057 2341; x_wconf 82' lang='lat' dir='ltr'><strong>sine</strong></span> <span class='ocrx_word' id='word_1_245' title='bbox 1081 2317 1225 2352; x_wconf 83' lang='lat' dir='ltr'>corpore</span> <span class='ocrx_word' id='word_1_246' title='bbox 1245 2310 1331 2351; x_wconf 76' lang='lat' dir='ltr'><strong>post</strong></span> <span class='ocrx_word' id='word_1_247' title='bbox 1354 2307 1476 2351; x_wconf 84' lang='lat' dir='ltr'><strong>raptus</strong></span> <span class='ocrx_word' id='word_1_248' title='bbox 1496 2305 1668 2341; x_wconf 77' lang='lat' dir='ltr'><strong>Galland.</strong></span> 
     </span>
     <span class='ocr_line' id='line_1_28' title="bbox 254 2362 1755 2407; baseline -0.001 -9"><span class='ocrx_word' id='word_1_249' title='bbox 254 2363 277 2398; x_wconf 84' lang='lat'>5</span> <span class='ocrx_word' id='word_1_250' title='bbox 294 2364 343 2398; x_wconf 82' lang='lat' dir='ltr'><strong>sit</strong></span> <span class='ocrx_word' id='word_1_251' title='bbox 359 2363 396 2399; x_wconf 80' lang='lat' dir='ltr'><em>R</em></span> <span class='ocrx_word' id='word_1_252' title='bbox 509 2363 928 2407; x_wconf 82' lang='lat' dir='ltr'><strong>incorporeum—certus</strong></span> <span class='ocrx_word' id='word_1_253' title='bbox 945 2365 1000 2399; x_wconf 83' lang='lat' dir='ltr'><strong>est</strong></span> <span class='ocrx_word' id='word_1_254' title='bbox 1016 2374 1083 2399; x_wconf 87' lang='lat' dir='ltr'><strong>om.</strong></span> <span class='ocrx_word' id='word_1_255' title='bbox 1101 2363 1208 2399; x_wconf 82' lang='lat' dir='ltr'><strong>HLS</strong></span> <span class='ocrx_word' id='word_1_256' title='bbox 1318 2365 1405 2397; x_wconf 86' lang='lat' dir='ltr'><strong>tune</strong></span> <span class='ocrx_word' id='word_1_257' title='bbox 1423 2362 1459 2397; x_wconf 78' lang='lat' dir='ltr'><strong><em>A</em></strong></span> <span class='ocrx_word' id='word_1_258' title='bbox 1574 2372 1610 2396; x_wconf 82' lang='lat' dir='ltr'><strong>se</strong></span> <span class='ocrx_word' id='word_1_259' title='bbox 1626 2362 1755 2397; x_wconf 81' lang='lat' dir='ltr'>habore</span> 
     </span>
     <span class='ocr_line' id='line_1_29' title="bbox 256 2414 1668 2466; baseline 0 -11"><span class='ocrx_word' id='word_1_260' title='bbox 256 2419 336 2458; x_wconf 68' lang='grc' dir='ltr'><strong>Βοὴ.</strong></span> <span class='ocrx_word' id='word_1_261' title='bbox 453 2420 475 2455; x_wconf 86' lang='grc'><strong>6</strong></span> <span class='ocrx_word' id='word_1_262' title='bbox 499 2414 562 2465; x_wconf 70' lang='lat' dir='ltr'><strong>qfii</strong></span> <span class='ocrx_word' id='word_1_263' title='bbox 585 2420 777 2455; x_wconf 81' lang='lat' dir='ltr'><strong><em>ABDEF</em></strong></span> <span class='ocrx_word' id='word_1_264' title='bbox 791 2420 888 2464; x_wconf 62' lang='lat' dir='ltr'><strong>Son„</strong></span> <span class='ocrx_word' id='word_1_265' title='bbox 929 2430 1017 2466; x_wconf 79' lang='lat' dir='ltr'>quae</span> <span class='ocrx_word' id='word_1_266' title='bbox 1040 2420 1076 2456; x_wconf 87' lang='lat' dir='ltr'><em>R</em></span> <span class='ocrx_word' id='word_1_267' title='bbox 1191 2421 1223 2455; x_wconf 87' lang='lat' dir='ltr'><strong>si</strong></span> <span class='ocrx_word' id='word_1_268' title='bbox 1245 2430 1314 2455; x_wconf 88' lang='lat' dir='ltr'><strong>non</strong></span> <span class='ocrx_word' id='word_1_269' title='bbox 1340 2430 1405 2455; x_wconf 87' lang='lat' dir='ltr'><strong>om.</strong></span> <span class='ocrx_word' id='word_1_270' title='bbox 1436 2419 1489 2463; x_wconf 76' lang='lat'><strong>0²,</strong></span> <span class='ocrx_word' id='word_1_271' title='bbox 1531 2419 1607 2454; x_wconf 81' lang='lat' dir='ltr'><strong>sine</strong></span> <span class='ocrx_word' id='word_1_272' title='bbox 1634 2419 1668 2455; x_wconf 78' lang='lat' dir='ltr'><strong><em>G</em></strong></span> 
     </span>
     <span class='ocr_line' id='line_1_30' title="bbox 255 2476 1759 2522; baseline -0.001 -10"><span class='ocrx_word' id='word_1_273' title='bbox 255 2479 292 2512; x_wconf 83' lang='lat' dir='ltr'><strong>et</strong></span> <span class='ocrx_word' id='word_1_274' title='bbox 319 2477 407 2519; x_wconf 90' lang='lat' dir='ltr'><strong>Mb,</strong></span> <span class='ocrx_word' id='word_1_275' title='bbox 443 2488 508 2513; x_wconf 88' lang='lat' dir='ltr'><strong>om.</strong></span> <span class='ocrx_word' id='word_1_276' title='bbox 540 2477 617 2513; x_wconf 85' lang='lat' dir='ltr'><strong>rell.</strong></span> <span class='ocrx_word' id='word_1_277' title='bbox 649 2481 683 2513; x_wconf 83' lang='lat' dir='ltr'><strong>et</strong></span> <span class='ocrx_word' id='word_1_278' title='bbox 714 2477 794 2512; x_wconf 78' lang='lat' dir='ltr'><strong><em>Sch.</em></strong></span> <span class='ocrx_word' id='word_1_279' title='bbox 933 2478 953 2512; x_wconf 86' lang='lat' dir='ltr'><strong>&#39;l</strong></span> <span class='ocrx_word' id='word_1_280' title='bbox 985 2479 1107 2522; x_wconf 85' lang='lat' dir='ltr'><strong>raptus</strong></span> <span class='ocrx_word' id='word_1_281' title='bbox 1137 2478 1175 2512; x_wconf 75' lang='lat' dir='ltr'><strong><em>A</em></strong></span> <span class='ocrx_word' id='word_1_282' title='bbox 1312 2478 1347 2512; x_wconf 83' lang='lat' dir='ltr'><strong>et</strong></span> <span class='ocrx_word' id='word_1_283' title='bbox 1376 2477 1470 2517; x_wconf 87' lang='lat' dir='ltr'><strong>Mb,</strong></span> <span class='ocrx_word' id='word_1_284' title='bbox 1512 2487 1580 2512; x_wconf 88' lang='lat' dir='ltr'><strong>om.</strong></span> <span class='ocrx_word' id='word_1_285' title='bbox 1611 2476 1690 2511; x_wconf 84' lang='lat' dir='ltr'><strong>rell.</strong></span> <span class='ocrx_word' id='word_1_286' title='bbox 1726 2479 1759 2511; x_wconf 84' lang='lat' dir='ltr'><strong>et</strong></span> 
     </span>
     <span class='ocr_line' id='line_1_31' title="bbox 256 2532 1758 2579; baseline -0.003 -8"><span class='ocrx_word' id='word_1_287' title='bbox 256 2533 335 2571; x_wconf 68' lang='grc' dir='ltr'><strong>Βοὴ.</strong></span> <span class='ocrx_word' id='word_1_288' title='bbox 473 2536 496 2570; x_wconf 89' lang='grc'>8</span> <span class='ocrx_word' id='word_1_289' title='bbox 526 2535 650 2579; x_wconf 81' lang='lat' dir='ltr'><strong>raptus</strong></span> <span class='ocrx_word' id='word_1_290' title='bbox 681 2535 768 2569; x_wconf 86' lang='grc' dir='ltr'><strong>ΒΜ</strong></span> <span class='ocrx_word' id='word_1_291' title='bbox 771 2534 808 2578; x_wconf 89' lang='lat' dir='ltr'><strong>b,</strong></span> <span class='ocrx_word' id='word_1_292' title='bbox 849 2537 992 2579; x_wconf 86' lang='lat' dir='ltr'><strong>raptum</strong></span> <span class='ocrx_word' id='word_1_293' title='bbox 1021 2535 1101 2571; x_wconf 87' lang='lat' dir='ltr'><strong>rell.</strong></span> <span class='ocrx_word' id='word_1_294' title='bbox 1135 2538 1169 2570; x_wconf 80' lang='lat' dir='ltr'><strong>et</strong></span> <span class='ocrx_word' id='word_1_295' title='bbox 1198 2534 1277 2570; x_wconf 64' lang='lat' dir='ltr'><strong>boh.</strong></span> <span class='ocrx_word' id='word_1_296' title='bbox 1415 2534 1481 2578; x_wconf 74' lang='lat' dir='ltr'><strong>est]</strong></span> <span class='ocrx_word' id='word_1_297' title='bbox 1515 2543 1640 2578; x_wconf 84' lang='lat' dir='ltr'>corpus</span> <span class='ocrx_word' id='word_1_298' title='bbox 1671 2532 1758 2568; x_wconf 77' lang='lat' dir='ltr'><strong><em>add.</em></strong></span> 
     </span>
     <span class='ocr_line' id='line_1_32' title="bbox 254 2590 1668 2636; baseline -0.001 -10"><span class='ocrx_word' id='word_1_299' title='bbox 254 2591 343 2627; x_wconf 77' lang='lat' dir='ltr'><strong>libri</strong></span> <span class='ocrx_word' id='word_1_300' title='bbox 359 2595 512 2636; x_wconf 78' lang='lat' dir='ltr'><strong>praeter</strong></span> <span class='ocrx_word' id='word_1_301' title='bbox 535 2592 585 2627; x_wconf 89' lang='lat' dir='ltr'><strong><em>M</em></strong></span> <span class='ocrx_word' id='word_1_302' title='bbox 603 2595 638 2627; x_wconf 82' lang='lat' dir='ltr'><strong>et</strong></span> <span class='ocrx_word' id='word_1_303' title='bbox 662 2590 742 2628; x_wconf 71' lang='lat' dir='ltr'><strong>sch.</strong></span> <span class='ocrx_word' id='word_1_304' title='bbox 879 2592 911 2626; x_wconf 83' lang='lat' dir='ltr'><strong>si</strong></span> <span class='ocrx_word' id='word_1_305' title='bbox 935 2601 1002 2628; x_wconf 83' lang='lat' dir='ltr'><strong>om.</strong></span> <span class='ocrx_word' id='word_1_306' title='bbox 1026 2592 1102 2627; x_wconf 87' lang='lat' dir='ltr'><strong>Mb</strong></span> <span class='ocrx_word' id='word_1_307' title='bbox 1244 2591 1286 2626; x_wconf 76' lang='lat'><strong>12</strong></span> <span class='ocrx_word' id='word_1_308' title='bbox 1317 2591 1408 2635; x_wconf 89' lang='lat' dir='ltr'><strong>cum]</strong></span> <span class='ocrx_word' id='word_1_309' title='bbox 1436 2592 1512 2624; x_wconf 80' lang='lat' dir='ltr'><strong>siue</strong></span> <span class='ocrx_word' id='word_1_310' title='bbox 1534 2592 1573 2624; x_wconf 93' lang='lat' dir='ltr'><strong>in</strong></span> <span class='ocrx_word' id='word_1_311' title='bbox 1596 2590 1668 2625; x_wconf 90' lang='lat' dir='ltr'><strong>Mb</strong></span> 
     </span>
     <span class='ocr_line' id='line_1_33' title="bbox 255 2647 1666 2694; baseline -0.001 -11"><span class='ocrx_word' id='word_1_312' title='bbox 255 2649 513 2693; x_wconf 78' lang='lat' dir='ltr'>axi—corpore]</span> <span class='ocrx_word' id='word_1_313' title='bbox 539 2650 614 2683; x_wconf 85' lang='lat' dir='ltr'><strong>siue</strong></span> <span class='ocrx_word' id='word_1_314' title='bbox 638 2651 738 2684; x_wconf 82' lang='lat' dir='ltr'><strong>extra</strong></span> <span class='ocrx_word' id='word_1_315' title='bbox 761 2659 884 2694; x_wconf 85' lang='lat' dir='ltr'>corpus</span> <span class='ocrx_word' id='word_1_316' title='bbox 915 2649 984 2685; x_wconf 89' lang='lat' dir='ltr'><strong>Mb</strong></span> <span class='ocrx_word' id='word_1_317' title='bbox 1123 2649 1167 2683; x_wconf 91' lang='lat'><strong>13</strong></span> <span class='ocrx_word' id='word_1_318' title='bbox 1202 2650 1258 2683; x_wconf 86' lang='lat' dir='ltr'><strong>est</strong></span> <span class='ocrx_word' id='word_1_319' title='bbox 1288 2650 1333 2692; x_wconf 70' lang='lat'><strong>1²²</strong></span> <span class='ocrx_word' id='word_1_320' title='bbox 1470 2647 1591 2692; x_wconf 89' lang='lat' dir='ltr'><strong>potuit</strong></span> <span class='ocrx_word' id='word_1_321' title='bbox 1621 2648 1666 2692; x_wconf 80' lang='lat' dir='ltr'><strong>p²</strong></span> 
     </span>
     <span class='ocr_line' id='line_1_34' title="bbox 255 2705 1667 2743; baseline -0.001 -2"><span class='ocrx_word' id='word_1_322' title='bbox 255 2707 300 2741; x_wconf 90' lang='grc'><strong>16</strong></span> <span class='ocrx_word' id='word_1_323' title='bbox 324 2717 465 2742; x_wconf 76' lang='lat' dir='ltr'><strong>causam</strong></span> <span class='ocrx_word' id='word_1_324' title='bbox 495 2706 658 2742; x_wconf 79' lang='lat' dir='ltr'><em>GHL¹S¹</em></span> <span class='ocrx_word' id='word_1_325' title='bbox 774 2707 937 2742; x_wconf 82' lang='lat' dir='ltr'><strong>miscitur</strong></span> <span class='ocrx_word' id='word_1_326' title='bbox 962 2706 1242 2743; x_wconf 72' lang='lat' dir='ltr'><em>BGG¹HLRS¹</em></span> <span class='ocrx_word' id='word_1_327' title='bbox 1365 2706 1405 2741; x_wconf 82' lang='lat'><strong>17</strong></span> <span class='ocrx_word' id='word_1_328' title='bbox 1432 2706 1569 2740; x_wconf 78' lang='lat' dir='ltr'><strong>sinatur</strong></span> <span class='ocrx_word' id='word_1_329' title='bbox 1593 2705 1667 2740; x_wconf 80' lang='lat' dir='ltr'><strong>AB</strong></span> 
     </span>
     <span class='ocr_line' id='line_1_35' title="bbox 255 2762 1491 2809; baseline -0.002 -10"><span class='ocrx_word' id='word_1_330' title='bbox 255 2764 299 2799; x_wconf 83' lang='lat'><strong>21</strong></span> <span class='ocrx_word' id='word_1_331' title='bbox 324 2764 472 2800; x_wconf 78' lang='lat' dir='ltr'><strong>ueritati</strong></span> <span class='ocrx_word' id='word_1_332' title='bbox 496 2764 683 2800; x_wconf 80' lang='lat' dir='ltr'><strong><em>ABHLR</em></strong></span> <span class='ocrx_word' id='word_1_333' title='bbox 819 2764 864 2800; x_wconf 83' lang='lat'><strong>22</strong></span> <span class='ocrx_word' id='word_1_334' title='bbox 889 2764 934 2800; x_wconf 83' lang='lat' dir='ltr'><strong>ad</strong></span> <span class='ocrx_word' id='word_1_335' title='bbox 957 2774 1024 2800; x_wconf 89' lang='lat' dir='ltr'><strong>om.</strong></span> <span class='ocrx_word' id='word_1_336' title='bbox 1043 2766 1089 2809; x_wconf 71' lang='lat'><strong>12²</strong></span> <span class='ocrx_word' id='word_1_337' title='bbox 1225 2762 1435 2807; x_wconf 75' lang='lat' dir='ltr'><strong>euuangelio</strong></span> <span class='ocrx_word' id='word_1_338' title='bbox 1461 2762 1491 2797; x_wconf 79' lang='lat' dir='ltr'><strong><em>S</em></strong></span> 
     </span>
    </p>
   </div>
  </div>
 </body>
</html>
