1884 2998
722 79 961 124 Epistulae
989 79 1112 115 duae.
1551 80 1636 124 205

134 206 300 248 1111111118
332 217 421 247 eras
453 203 625 254 scilicet,
658 204 736 247 etsi
767 217 847 246 non
879 205 1064 247 omnium
1095 204 1242 258 potior,
1274 218 1380 248 1111115
1409 219 1456 249 ex
1476 206 1635 249 multis.

129 274 225 316 hinc
268 284 366 314 uero
405 272 549 326 procul
586 271 740 314 iniuria
777 275 1007 315 ceterorum
1051 285 1175 326 penes
1222 272 1404 316 Galliam
1447 276 1634 318 nostram

128 340 396 396 professionis
434 342 533 382 tuae
571 353 646 394 par
686 352 792 382 unus
833 341 874 382 et
914 341 1025 382 solus
1067 353 1124 394 eS,
1174 353 1304 395 neque
1335 343 1495 384 dictum
1525 343 1634 387 istuc

128 413 200 452 aut
234 409 511 452 adsentationi
542 409 615 450 aut
652 409 880 450 adulationi
910 408 1042 450 detur.
1087 420 1343 462 nequaquam
1368 411 1545 464 profecto
1566 412 1634 454 uel

99 479 294 531 segomet
326 477 485 519 adulari
516 488 685 529 possum
717 477 785 519 uel
815 478 861 519 tu
892 477 1053 531 indiges
1085 478 1190 520 falso
1227 478 1401 520 laudari.
1450 480 1521 521 sed
1543 480 1633 522 erui

130 550 254 599 atque
296 545 419 588 euelli
459 545 585 587 infixa
624 546 759 587 animo
790 558 882 588 meo
914 547 1057 599 nequit
1087 547 1437 589 declamationum
1467 548 1634 590 tuarum

129 614 316 657 suauitas
358 616 488 655 mixta
517 613 675 655 uirtute
715 613 848 656 Attici
879 627 994 656 more
1024 614 1177 665 mellis,
1209 615 1274 656 cui
1305 618 1451 668 suapte
1483 617 1634 658 natura

128 684 261 725 indita
299 685 396 724 sunt
434 681 596 725 medela
638 682 838 724 fortitudo
874 683 1060 725 dulcedo,
1113 683 1221 737 quod
1252 683 1296 724 in
1328 684 1490 737 Hyblae
1520 684 1632 739 iugis

128 751 308 793 uolucris
341 752 466 805 atque
504 750 639 805 opifex
671 750 834 803 apicula
856 751 1030 793 caelitus
1052 751 1272 793 deciduum
1294 752 1446 794 haustu
1469 753 1633 806 capiens

82 839 114 864 10
128 819 368 862 fabrefactis
414 831 557 861 manso
602 818 804 873 florigeris
851 818 1036 861 infundit
1081 819 1341 873 filiorumque
1392 821 1633 863 fabricatrix

127 889 383 941 uirginitatis
415 900 513 930 suae
543 887 722 929 feturam
754 888 828 929 alit
862 891 985 941 atque
1017 888 1169 930 imbuit
1199 890 1323 930 ubere
1345 889 1547 940 16110111111,
1571 891 1633 932 116

127 958 174 999 111
218 955 376 999 56111661
415 968 436 998 6
475 956 650 998 summis
695 955 934 998 auctoribus
982 955 1101 997 uelut
1148 969 1168 998 e
1207 957 1370 1010 magnis
1421 958 1632 1000 montibus

127 1025 308 1068 doctiora
346 1036 530 1079 quaeque
568 1024 687 1066 uelut
724 1025 871 1079 thyma
901 1023 1126 1078 fraglantia
1157 1025 1199 1066 et
1231 1025 1469 1068 fecundiora
1499 1026 1633 1068 ueluti

127 1096 329 1148 quaedam
366 1093 511 1135 florida
550 1105 820 1147 praecerpens
860 1104 958 1146 quos
997 1092 1155 1147 ingenii
1193 1094 1317 1135 melle
1353 1095 1513 1148 repleas
1546 1096 1631 1137 elo-

81 1162 318 1216 15quentiae
355 1161 521 1203 conficis
562 1162 689 1214 161108,
729 1174 749 1202 6
790 1162 938 1214 quibus
977 1161 1081 1203 item
1126 1162 1419 1216 discipulorum
1465 1163 1634 1206 tibimet

126 1232 243 1272 uelut
280 1230 462 1272 filiorum
504 1230 780 1271 numerositas
813 1230 966 1272 dilecta
996 1231 1348 1284 formatunquae
1379 1230 1632 1274 Graecarum

125 1312 284 1353 quoque
315 1299 631 1352 disciplinarum
662 1300 825 1341 nectare
847 1298 1010 1341 imbuta
1040 1300 1122 1341 acsi
1153 1299 1277 1342 melle
1313 1300 1458 1342 Attico
1495 1304 1630 1354 pasta,

125 1371 173 1410 ut
204 1368 404 1423 occeperit
435 1367 634 1409 scientiae
665 1368 808 1420 pennis
831 1369 1024 1421 strepere,
1058 1367 1317 1421 eloquentiae
1338 1368 1453 1409 fauos
1476 1370 1517 1410 et
1539 1369 1631 1423 ipsa

126 1437 323 1479 conficiet.
376 1436 497 1477 modo
537 1436 583 1476 tu
614 1435 679 1476 166
710 1435 949 1476 memineris
985 1435 1156 1477 docendi
1192 1448 1344 1477 munus
1375 1437 1452 1479 tibi
1483 1450 1506 1479 a
1536 1450 1630 1490 pro-

80 1505 215 1550 aoauis
261 1505 302 1547 et
341 1506 446 1546 citra
489 1503 788 1546 hereditarium
834 1503 933 1554 fore,
986 1516 1112 1557 eoque
1163 1504 1366 1557 copiosius
1411 1505 1454 1546 te
1499 1505 1631 1547 adniti

125 1576 311 1628 oportere
348 1572 552 1623 scientiae,
594 1585 672 1626 quo
710 1571 931 1626 multiplex
967 1572 1011 1613 in
1049 1574 1094 1614 te
1130 1584 1154 1613 a
1183 1573 1408 1615 maioribus
1447 1574 1632 1628 profecta

126 1643 209 1685 tuis
240 1641 429 1684 doctrina
465 1640 674 1683 confluxit.

183 1723 434 1765 Admonitus
475 1734 634 1775 quoque
678 1721 733 1762 sis
766 1722 927 1774 oportet
958 1721 1207 1764 Viennensis
1247 1722 1360 1764 urbis
1398 1721 1629 1765 nobilitatis

127 1793 331 1845 antiquae,
374 1792 491 1834 cuius
531 1793 579 1832 tu
618 1791 719 1833 ciuis
759 1793 800 1832 et
839 1790 979 1833 doctor
1018 1803 1098 1833 non
1137 1792 1219 1833 otio
1260 1792 1408 1845 duplex
1444 1792 1630 1834 debitum

81 1879 113 1905 25
127 1861 274 1912 solues,
315 1873 339 1902 a
369 1871 446 1913 quo
484 1860 678 1902 bifariam
718 1860 931 1913 quaeritur
962 1861 1029 1901 uel
1067 1860 1256 1913 patribus
1288 1860 1531 1914 respondere
1561 1859 1631 1902 uel

126 1930 296 1983 patriae.
330 1928 434 1970 illud
455 1928 540 1970 iam
562 1928 605 1970 in
626 1929 706 1970 fine
728 1929 931 1971 sermonis
954 1941 1154 1982 perquam
1175 1928 1441 1971 familiariter
1463 1940 1628 1982 quaeso,

125 1999 174 2040 ut
209 1998 356 2052 spretis
393 1997 649 2039 nouitiarum
688 1998 1020 2040 ratiuncularum
1056 1997 1286 2051 puerilibus
1317 1998 1437 2051 nugis
1468 1997 1629 2039 nullum

125 2066 362 2108 lectitandis
391 2065 456 2107 his
487 2068 651 2119 tempus
683 2065 881 2118 11151111168,
924 2064 1080 2121 <quae>
1116 2067 1314 2120 quasdam
1345 2065 1628 2107 resonantium

127 2136 481 2177 sermunculorum
518 2138 685 2177 taureas
717 2135 856 2177 rotant
888 2136 931 2176 et
961 2135 1179 2176 oratoriam
1201 2135 1487 2176 fortitudinem
1509 2135 1626 2188 plau-

80 2222 114 2248 30
127 2204 318 2247 dentibus
350 2204 619 2246 concinentiis
652 2204 836 2246 euirant:
869 2202 1053 2245 Naeuius
1086 2205 1127 2245 et
1156 2203 1333 2245 Plautus
1363 2203 1442 2244 tibi
1472 2202 1523 2244 ad
1544 2202 1628 2244 ele-

195 2408 216 2442 6
246 2407 356 2441 auelli
379 2406 565 2442 Baluzius
702 2407 724 2441 8
748 2407 829 2452 yble
854 2407 894 2442 E
1030 2408 1051 2442 9
1077 2407 1220 2451 apecula
1244 2407 1284 2441 E
1420 2406 1462 2440 13
1486 2407 1627 2451 thymia

125 2486 307 2522 Baluzius
444 2486 636 2531 flagrantia
661 2486 865 2528 Batuzz’us,
906 2486 1107 2530 fragrantia
1130 2486 1207 2521 rell.
1233 2486 1388 2520 editores
1526 2487 1567 2521 17
1593 2469 1628 2532 (ᾗ

127 2555 166 2589 Ε
280 2556 322 2590 18
345 2556 494 2590 sciencie
519 2555 573 2598 Ε,
612 2566 678 2591 om.
704 2556 884 2590 Balum'us
1007 2556 1052 2589 23
1076 2555 1290 2589 ammonitus
1315 2554 1356 2589 Ε
1473 2555 1516 2589 25
1542 2566 1626 2600 11116-

125 2622 219 2658 titur
242 2623 283 2657 Ε
417 2623 462 2659 28
487 2634 576 2668 quae
600 2623 768 2668 quasdam
793 2624 942 2668 scripsi,
984 2623 1155 2667 quasdam
1181 2623 1234 2665 E,
1271 2632 1360 2666 quae
1385 2622 1468 2656 dum
1493 2622 1627 2657 Fabri-

125 2700 187 2725 cus
211 2690 292 2726 bibl.
317 2690 381 2726 lat.
405 2691 495 2727 med.
522 2692 549 2726 I
568 2694 667 2727 1078
803 2692 848 2726 30
872 2691 1129 2726 60116111116111118
1154 2692 1192 2726 Ε
