1884 2998
230 130 314 172 226

298 253 399 297 gines
430 251 617 286 memoriae
649 253 808 286 retentae
841 251 916 293 192,
948 253 981 286 3.

324 308 369 331 ua
415 296 581 331 uideatur
629 298 766 341 corpori
807 297 883 339 164,
925 296 980 331 22.

299 309 457 377 gabrieli
497 343 601 376 deum
640 343 756 377 uisum
792 354 867 377 esse
905 343 979 384 164,

300 388 355 422 18.
379 388 424 430 ef.
451 387 527 428 134,
553 388 584 421 7.
613 388 687 430 156,
714 389 766 424 16.
793 388 869 429 205,
896 389 949 422 15.

230 435 271 470 de
296 433 359 468 ubi
387 444 427 467 ex
457 437 652 477 exspectes:
689 435 785 468 inter
810 433 913 475 illud,
939 433 981 467 de

298 489 367 524 quo
385 478 491 521 facta,
517 481 554 512 et
570 479 672 519 illud,
690 490 710 512 a
723 489 791 523 quo
805 479 902 513 facta
915 480 979 520 est,

298 524 416 559 media
440 524 674 567 (substantia)
691 525 747 567 27,
772 525 827 559 25.
853 526 980 558 uocata

298 571 340 604 de
363 569 476 603 nihilo
501 569 556 610 27,
575 569 628 603 24.
647 569 689 603 de
706 571 821 604 terrae
839 569 979 604 intimis

297 626 407 660 aquas
432 615 593 649 adtrahit
617 615 671 656 72,
697 616 754 651 23.
783 618 826 650 ut
850 615 915 649 fiat
939 615 981 649 de

297 661 431 697 carnali
457 661 620 704 spiritale
644 661 699 702 56,
724 661 756 695 4.
790 663 886 705 quia,
911 660 981 695 etsi

296 707 341 742 ab
364 706 428 741 illo
454 706 636 750 coepisset,
662 706 704 740 de
721 706 784 740 illo
802 717 872 740 non
890 708 981 740 esset

297 753 374 794 103,
399 751 432 786 4.
470 751 516 794 cf.
540 751 596 793 44,
625 752 658 785 9.
685 752 736 786 16.
774 751 828 794 72,
859 752 891 787 8.
925 752 979 793 74,

298 799 353 834 13.
390 797 445 838 77,
478 797 532 831 13.
568 797 623 838 91,
651 797 703 831 17.
728 798 784 831 21.
823 797 897 839 121,
923 797 978 831 21.

299 844 374 885 161,
419 842 470 877 16.
522 861 554 867 —-
595 842 638 876 de
679 843 840 887 yenetiui
887 844 979 878 loco:

297 888 435 933 aliquid
468 887 510 921 de
541 898 619 921 meo
652 888 728 923 iure
757 888 980 923 concederem

298 935 375 976 107,
409 934 462 968 15.
494 933 536 967 de
568 943 669 977 opere
692 934 842 978 quodam
867 934 981 969 sancti

296 979 505 1023 Hieronymi
550 979 746 1023 capitulum
793 979 981 1024 subiungis

296 1026 352 1067 51,
387 1025 444 1059 23.
467 1043 510 1049 -
536 1024 578 1059 de
613 1025 793 1060 nobismet
828 1036 891 1060 nos
919 1026 981 1059 ille

297 1071 484 1106 conuincet
508 1070 563 1112 94,
590 1070 643 1105 14.
669 1081 730 1105 cur
754 1071 831 1105 fieri
850 1071 892 1105 de
909 1082 980 1106 cor-

296 1127 361 1162 por
369 1117 401 1150 is
425 1126 553 1160 genere
569 1126 639 1150 uno
656 1126 727 1150 non
742 1118 872 1161 posset,
889 1117 982 1161 quod

297 1163 340 1197 de
371 1161 537 1196 omnibus
562 1163 679 1205 posset
705 1162 782 1204 108,
809 1162 862 1198 14.
887 1163 980 1206 quod

297 1209 397 1242 iuxta
421 1207 464 1241 de
487 1207 730 1242 immensitate
751 1208 980 1253 cogitandum

297 1255 351 1288 est
364 1253 441 1295 102,
454 1252 510 1287 22.
528 1252 782 1305 Hermophilus
795 1254 838 1288 de
851 1254 981 1288 Graeco

297 1309 529 1396 efflat..
550 1299 712 1386 &aaa
733 1299 776 1379 3⁴?
799 1299 982 1379 ..miz

298 1391 442 1425 domino
470 1389 546 1431 147,
571 1390 624 1424 19.
658 1410 701 1415 —
726 1390 770 1425 de
797 1391 982 1434 potissimo

297 1434 456 1470 omnium
491 1435 666 1470 elemento
702 1435 891 1471 sublimius
927 1436 981 1479 58,

300 1482 354 1517 15.
372 1500 417 1506 -—
433 1480 475 1515 de
491 1482 592 1515 tactu
613 1481 771 1516 dubitari
788 1492 859 1516 non
878 1483 983 1516 aesti-

297 1537 356 1561 mo
382 1526 453 1561 imo
477 1526 731 1561 elementorum
749 1538 823 1562 esse
841 1527 982 1562 similli-

297 1582 395 1607 mum
423 1572 478 1614 46,
510 1572 542 1606 5.
580 1572 674 1607 sicut
704 1572 746 1607 de
781 1574 982 1617 corporibus

296 1618 350 1652 ibi
379 1618 438 1652 uel
476 1617 529 1652 ibi
558 1628 631 1653 esse
661 1628 812 1663 congrue
840 1618 982 1660 dicitur,

298 1664 351 1698 ita
380 1663 422 1697 de
458 1663 644 1698 animabus
679 1665 803 1699 taliter
826 1675 901 1699 esse
924 1665 983 1699 uel

297 1709 424 1744 taliter
459 1709 534 1743 iure
569 1710 827 1754 pronuntiatur
863 1710 918 1752 82,
950 1710 983 1744 9.

298 1755 342 1790 de
368 1755 523 1789 numeris
558 1755 706 1800 adparet
741 1766 815 1790 esse
851 1755 915 1790 hos
945 1756 984 1789 111

299 1811 440 1844 corpore
472 1799 668 1835 uisibiliter
703 1801 780 1843 117,
807 1801 861 1836 16.
886 1801 916 1836 si
942 1801 984 1835 de

299 1847 466 1891 quopiam
496 1846 599 1889 quale
624 1846 674 1881 sit
697 1857 821 1891 corpus
838 1846 913 1881 eius
932 1847 983 1880 in-

298 1892 476 1936 quirimus
506 1892 563 1934 69,
590 1892 644 1926 19.
674 1912 718 1917 —
743 1902 812 1937 quo
838 1892 879 1927 de
907 1892 983 1937 agi-

297 1948 377 1971 mus
402 1937 479 1979 145,
504 1936 559 1971 22.

233 1983 360 2017 debilis
373 1983 491 2017 anima
505 1982 559 2025 63,
573 1983 605 2018 9.
624 1982 657 2018 d.
670 1983 870 2018 membrum
883 1984 938 2026 76,
951 1984 983 2018 2.

233 2027 399 2063 debilitas
425 2029 579 2072 corporis
604 2028 660 2070 80,
688 2029 740 2063 16.

232 2073 510 2154 (101112131511124198,
547 2075 580 2108 6.
617 2074 649 2108 d.
686 2074 814 2119 duplex
849 2074 984 2109 soluere

233 2145 440 2209 decemp'eda
473 2163 548 2206 108,
580 2165 612 2199 9.
639 2165 714 2207 112,
741 2165 796 2199 17.
827 2166 906 2207 113,
932 2165 984 2200 13.

234 2212 409 2246 decertare
435 2210 511 2251 134,
539 2210 593 2244 14.
620 2210 698 2252 204,
724 2211 779 2247 25.

234 2256 393 2291 decidere
416 2255 455 2289 in
479 2256 623 2290 miseria
649 2256 727 2301 164,
754 2257 811 2291 21.

233 2302 401 2337 deciduus
424 2300 503 2343 205,
528 2302 561 2335 9.

234 2347 427 2382 declamare
451 2345 508 2389 31,
531 2346 584 2381 21.
612 2346 688 2389 162,
713 2348 745 2381 7.

234 2392 505 2427 declamationes
531 2391 608 2434 205,
633 2393 666 2428 6.

235 2438 449 2473 declinatio:
472 2442 587 2483 yenet.
613 2438 721 2473 fructi
747 2437 824 2480 199,
850 2436 904 2472 16.
931 2448 986 2473 os-

302 2494 406 2518 suum
432 2483 486 2525 72,
511 2483 543 2518 9.
573 2483 650 2526 174,
675 2483 731 2517 24.
756 2484 987 2528 omnigenum

300 2530 460 2563 uitarum
478 2528 556 2571 184,
573 2530 605 2563 7.
631 2529 891 2564 Brachmanum
909 2528 986 2572 130,

304 2574 357 2608 10.
376 2574 589 2619 principium
603 2574 679 2616 121,
692 2573 748 2608 22.
762 2577 987 2619 praesentum

303 2619 380 2662 136,
415 2619 470 2653 20.
506 2620 717 2655 laudantum
751 2619 827 2663 136,
863 2619 918 2655 21.
941 2639 988 2647 -

303 2665 423 2700 datiu.
449 2665 495 2709 (P)
520 2667 597 2700 toto
622 2666 830 2711 quandoque
854 2667 986 2701 mundo

303 2711 480 2745 diuinitus
510 2712 648 2746 editum
679 2712 809 2757 dogma
840 2710 916 2754 125,
953 2712 985 2745 5.

302 2767 420 2792 accus.
445 2757 621 2792 aetherem
645 2756 723 2800 149,
748 2756 791 2791 12
828 2758 986 2802 (aethera

947 130 1087 165 Index

1113 251 1169 294 45,
1202 251 1270 293 14).
1308 252 1399 286 locos
1441 253 1514 288 OG
1551 255 1627 297 159,
1666 256 1720 290 11.
1753 275 1798 281 —

1115 298 1266 333 ablatiu.
1291 297 1558 334 adiectiuorum
1573 302 1614 335 in
1630 320 1676 326 —
1692 304 1704 334 i
1720 312 1798 336 sae-

1108 344 1197 388 pius
1220 343 1336 377 ueluti
1361 343 1492 388 duplici
1516 345 1571 388 21,
1590 346 1643 380 13.
1669 346 1724 388 34,
1744 347 1797 381 10.

1113 389 1288 433 peruicaci
1312 388 1367 430 23,
1394 389 1425 423 5.
1452 391 1568 433 inpari
1592 391 1646 433 24,
1666 392 1719 426 12.
1746 393 1798 426 ui—

1113 434 1193 469 uaci
1219 434 1273 474 76,
1299 433 1330 468 3.
1358 436 1545 479 praecipiti
1572 436 1648 478 122,
1667 437 1722 470 22.
1747 438 1799 471 lo-

1113 481 1216 524 quaci
1254 479 1330 520 123,
1368 479 1421 514 11.
1473 482 1606 516 socordi
1643 482 1717 524 136,
1756 482 1798 516 15

1113 529 1175 560 ete.
1202 545 1244 550 —
1274 525 1351 569 igni
1388 525 1463 568 149,
1504 526 1548 560 19
1588 528 1678 571 (rell.
1714 529 1800 563 locis

1113 571 1223 612 igne).
1256 570 1442 605 animabus
1478 571 1532 613 55,
1557 572 1612 607 21.
1653 573 1707 616 60,
1743 573 1796 608 10.

1112 615 1167 658 82,
1194 616 1246 650 10.
1274 615 1348 657 111,
1373 616 1404 652 8.
1432 616 1509 660 119,
1538 617 1581 652 19
1607 623 1669 653 etc.
1694 620 1798 663 spiri-

1112 662 1211 695 tibus
1243 661 1297 703 51,
1330 661 1385 695 26.
1420 662 1474 704 52,
1506 662 1559 697 17.
1587 683 1627 688 -
1654 675 1798 707 magna-

1112 707 1245 741 nimem
1270 706 1323 748 70,
1349 707 1381 741 6.
1422 709 1671 753 magnanimus
1697 706 1750 750 70,
1776 710 1799 744 8

1114 754 1201 796 (nisi
1230 763 1381 796 magnus
1406 754 1546 788 animus
1569 755 1799 789 scribendum

1114 802 1186 841 est,
1233 798 1279 840 cf.
1322 798 1510 842 praefat).
1559 800 1699 834 dextera
1743 800 1798 843 75,

1114 844 1146 878 5.
1181 843 1257 883 194,
1295 844 1314 877 7
1353 845 1445 887 (rell.
1471 845 1556 879 locis
1581 845 1731 890 dextra).
1756 866 1798 870 —

1112 899 1276 933 pronom.
1316 899 1409 924 nom.
1452 891 1548 933 plur.
1588 890 1673 933 fem.
1715 893 1799 925 haec

1114 935 1241 979 optimi
1293 935 1380 968 libri
1427 935 1489 977 81,
1539 936 1570 969 7.
1641 936 1801 980 qualibet

1114 991 1195 1024 pars
1232 979 1307 1021 110,
1335 979 1378 1014 13
1411 981 1604 1024 (quaelibet
1629 982 1705 1023 114,
1732 982 1801 1026 19).

1113 1036 1206 1060 nom.
1253 1025 1340 1060 illuc
1385 1025 1460 1067 183,
1503 1026 1556 1061 11.
1598 1048 1639 1052 -—
1680 1038 1799 1063 accus,

1114 1071 1206 1105 istoc
1236 1070 1316 1112 204,
1347 1071 1380 1104 4.
1410 1072 1487 1113 206,
1513 1073 1546 1108 6.
1575 1073 1684 1108 ablat.
1710 1074 1801 1107 istoc

1113 1116 1169 1157 22,
1188 1116 1242 1152 15.
1268 1115 1343 1158 152,
1361 1116 1383 1150 3
1409 1118 1561 1162 (scripsi,
1580 1118 1673 1153 istuc
1690 1119 1800 1158 libri).

1116 1161 1193 1204 173,
1220 1162 1262 1196 10
1286 1163 1344 1204 (cf.
1385 1167 1502 1207 yenet.
1541 1164 1684 1198 istiusce
1720 1163 1797 1205 173,

1116 1207 1187 1251 10).
1206 1228 1251 1233 -—
1267 1208 1376 1242 ablat.
1394 1209 1455 1252 qui
1474 1208 1549 1250 170,
1570 1208 1626 1243 10.
1643 1209 1696 1244 12.
1721 1210 1800 1253 qui-

1115 1264 1195 1288 cum
1228 1253 1304 1295 176,
1330 1252 1373 1287 17
1406 1258 1439 1288 et
1467 1254 1501 1289 G
1526 1253 1603 1297 134,
1632 1254 1675 1289 14
1704 1256 1800 1299 <cum

1114 1309 1184 1343 quo
1211 1298 1287 1340 134,
1314 1298 1368 1333 14.
1395 1298 1472 1338 152,
1497 1299 1528 1335 8.
1554 1310 1701 1344 quocum
1722 1299 1800 1342 184,

1116 1344 1184 1387 17).
1222 1345 1301 1388 quis
1335 1344 1411 1386 174,
1454 1344 1507 1380 17.
1545 1356 1586 1379 ex
1618 1347 1697 1390 quis
1723 1345 1800 1388 135,

1116 1390 1171 1424 11.
1202 1389 1279 1429 139,
1306 1389 1338 1424 5.
1374 1401 1436 1434 pro
1467 1391 1614 1435 quisque
1641 1391 1718 1435 139,
1742 1391 1801 1424 20.

1115 1436 1325 1522 {ggerlffllis
1352 1435 1428 1478 138,
1455 1436 1497 1470 15
1524 1440 1642 1481 (super
1670 1437 1800 1482 quibus

1183 1506 1193 1524 ,
1280 1507 1288 1515 .

1047 1527 1221 1561 dediscere
1244 1526 1322 1567 204,
1348 1526 1379 1563 2.

1047 1572 1214 1607 dedocere
1240 1573 1343 1607 noxia
1369 1572 1445 1613 188,
1471 1572 1526 1608 11.

1048 1619 1235 1654 deducere:
1261 1629 1281 1652 a
1307 1628 1376 1662 quo
1411 1620 1583 1662 (corpore)
1613 1621 1801 1664 postquam

1117 1665 1228 1698 morte
1253 1664 1403 1698 deducta
1428 1665 1482 1698 est
1507 1663 1582 1707 120,
1610 1664 1663 1701 19.

1048 1710 1204 1745 defectus
1228 1709 1282 1749 28,
1307 1709 1338 1743 6.

1048 1755 1205 1790 defensio
1230 1754 1286 1798 30,
1313 1754 1366 1790 15.
1394 1754 1471 1797 130,
1497 1754 1552 1792 14.
1584 1755 1660 1798 138,
1686 1755 1741 1791 19.
1768 1756 1791 1790 d

1116 1801 1278 1846 quaesita
1302 1800 1357 1842 30,
1384 1799 1437 1834 17.

1049 1846 1261 1882 defensitare
1285 1845 1341 1889 20,
1366 1845 1420 1879 15.
1445 1844 1500 1887 33,
1525 1845 1581 1880 21.
1606 1846 1682 1890 140,
1708 1846 1764 1881 16.

1048 1892 1208 1927 defensor
1233 1891 1309 1934 100,
1336 1890 1389 1926 12.
1416 1891 1494 1934 181,
1517 1891 1550 1925 4.

1049 1938 1223 1973 defessum
1249 1948 1373 1981 corpus
1400 1936 1454 1977 86,
1481 1936 1514 1971 3.

1049 1983 1194 2020 deficere
1211 1982 1266 2023 28,
1286 1982 1318 2018 1.
1345 1983 1400 2025 75,
1417 1982 1472 2016 24.
1498 1982 1634 2017 defecta
1651 1983 1804 2028 corpori-

1117 2029 1184 2063 bus
1207 2028 1328 2062 anima
1353 2028 1428 2070 146,
1453 2028 1507 2062 17.

1050 2075 1199 2118 defigere
1231 2074 1387 2108 animam
1418 2075 1456 2108 in
1488 2073 1635 2118 pulchra
1659 2083 1804 2118 corpora

1121 2120 1174 2162 79,
1200 2118 1254 2154 11.
1283 2119 1416 2154 defixus
1440 2119 1478 2153 in
1503 2120 1803 2163 contemplatione

1120 2165 1474 2210 (contemplationem
1499 2164 1558 2208 M)
1584 2164 1661 2207 164,
1686 2164 1739 2201 17.

1051 2212 1196 2247 definire
1220 2211 1330 2245 absol.
1347 2210 1401 2252 58,
1418 2210 1452 2246 4.
1477 2209 1554 2252 106,
1571 2209 1627 2246 24.
1652 2220 1722 2244 11011
1739 2210 1800 2245 de-

1120 2256 1336 2297 finientium,
1370 2256 1430 2290 sed
1460 2256 1714 2291 arbitrantium
1744 2255 1799 2298 53,

1120 2302 1153 2337 1.
1177 2302 1211 2336 d.
1237 2301 1279 2336 de
1302 2302 1358 2336 his
1383 2300 1460 2344 158,
1485 2301 1516 2335 5.

1051 2348 1213 2383 definitio
1238 2347 1412 2392 perfectae
1439 2347 1638 2381 uoluntatis
1662 2346 1717 2389 86,
1743 2345 1801 2384 13.

1052 2393 1196 2429 defluxit
1222 2393 1342 2427 anima
1367 2393 1405 2427 in
1429 2403 1555 2437 corpus
1580 2392 1636 2436 85,
1659 2393 1692 2428 9.

1052 2439 1199 2484 defungi
1225 2438 1302 2480 126,
1328 2437 1382 2474 16.

1051 2485 1265 2529 degenerare
1281 2483 1326 2518 ab
1343 2484 1440 2518 hisce
1457 2483 1629 2518 doctrinis
1646 2483 1724 2525 136,
1745 2482 1804 2518 11.

1051 2530 1178 2565 dehinc
1204 2529 1258 2572 73,
1285 2529 1339 2563 12.
1366 2528 1445 2572 183,
1475 2528 1530 2563 12.

1050 2576 1264 2611 dehonorare
1281 2575 1498 2619 dignitatem
1515 2585 1637 2610 causae
1652 2573 1729 2617 187,
1749 2573 1804 2608 14.

1050 2621 1205 2656 deiectus
1229 2620 1322 2655 caelo
1348 2620 1424 2663 167,
1451 2620 1505 2654 10.

1049 2667 1202 2701 deierare
1226 2666 1282 2709 23,
1309 2665 1364 2701 11.

1050 2713 1212 2757 deinceps
1237 2711 1292 2755 93,
1326 2712 1357 2748 6.
1383 2731 1427 2737 -
1452 2712 1513 2756 (=
1524 2710 1660 2755 deinde)
1685 2710 1740 2754 82,
1765 2710 1798 2748 7.

1049 2757 1309 2795 delectabiliter
1333 2757 1388 2800 82,
1417 2757 1471 2794 17.
