1884 2998
682 99 741 135 De
765 101 893 134 statu
916 99 1089 134 animae
1112 99 1152 135 II
1176 100 1208 134 9.
1616 101 1698 144 133

196 228 321 269 haec
364 238 486 281 ergo
532 225 785 268 nimirum
835 224 1122 266 animarum
1163 225 1386 267 omnium
1425 225 1589 268 maior
1620 228 1697 268 est

195 296 367 338 anima
398 292 708 348 proquesui
739 292 871 335 mole
902 292 1069 346 magis
1100 292 1325 346 sapiens.
1357 295 1538 347 itaque
1559 306 1695 336 nunc

193 366 343 406 tanto
388 365 564 418 potius
611 362 878 416 quispiam
923 362 1237 416 prudentiae
1283 362 1524 415 copiosus
1570 364 1693 414 erit,

192 433 383 486 quanto
428 432 568 474 aeris
612 430 772 472 huius
818 442 907 483 pro
953 430 1033 472 sui
1078 429 1378 484 capacitate
1415 430 1532 484 plus
1575 432 1694 474 hau-

162 500 346 552 5serit,
388 513 477 542 nec
515 498 724 541 iniuria
768 511 933 553 genus
980 499 1259 540 humanum
1297 501 1514 541 naturae
1553 500 1694 541 incu-

190 569 334 612 sauit
383 568 660 618 iniuriam,
721 579 846 621 quae
894 567 1047 609 tanto
1105 567 1330 609 maiores
1390 567 1693 610 hominibus

189 638 331 679 lucas
378 637 536 679 boues
581 635 781 686 edidit,
837 648 894 677 eo
949 635 1212 678 uidelicet
1258 635 1547 687 beatiores,
1599 649 1692 690 quo

190 705 505 760 capaciores,
557 705 628 746 sed
674 704 874 746 hactenus
921 704 1023 746 satis
1055 703 1313 752 Ambrosius,
1353 705 1424 757 qui
1471 704 1537 746 uel
1581 705 1692 747 solus

188 774 370 829 profecto
403 774 459 816 sit
488 773 604 824 satis,
636 772 764 815 faxim
796 776 936 815 tamen
967 776 1008 816 et
1039 773 1131 815 aliis
1163 773 1414 815 testificandi
1445 773 1597 815 locum.

141 872 175 897 ιο
244 853 439 897 Aurelius
487 854 746 908 Augustinus
786 855 827 895 et
867 853 1056 895 acumine
1097 853 1251 907 ingenii
1291 855 1332 895 et
1370 866 1509 895 rerum
1546 852 1689 895 multi-

186 923 331 965 tudine
362 924 404 964 et
434 922 566 976 operis
596 921 705 964 mole
729 921 860 964 ueluti
892 922 1061 975 quidam
1096 920 1345 975 Chrysippus
1376 922 1690 975 argumentandi

186 992 341 1033 uirtute
373 993 445 1033 aut
476 992 611 1033 Zenon
641 1003 839 1032 sensuum
873 989 1107 1032 subtilitate
1139 991 1211 1032 aut
1232 990 1361 1032 Varro
1397 992 1536 1032 noster
1571 990 1689 1032 uolu-

186 1061 345 1102 minum
376 1060 669 1114 magnitudine
700 1060 742 1101 et
773 1060 842 1112 qui
873 1058 1056 1112 profecto
1107 1059 1205 1101 talis
1254 1059 1401 1101 natura
1451 1059 1689 1101 adtentione

186 1128 415 1182 disciplinis
448 1127 668 1178 exstiterit,
703 1130 748 1169 ut
778 1139 858 1169 non
894 1128 1087 1170 inmerito
1110 1128 1160 1170 ab
1192 1127 1284 1170 istis
1307 1128 1586 1180 corporalibus
1618 1140 1690 1170 no-

141 1214 172 1239 1⁵
185 1197 262 1239 stri
294 1196 446 1238 saeculi
478 1196 689 1250 Epicureis
721 1198 794 1237 aut
821 1195 985 1250 Cynicis
1007 1196 1206 1250 spiritalis
1228 1196 1413 1250 sophista
1434 1196 1687 1246 dissenserit,

184 1265 292 1307 libro
332 1266 383 1307 ad
424 1266 723 1319 Hieronymum
764 1265 812 1306 de
844 1264 1002 1319 origine
1038 1266 1200 1307 animae
1231 1266 1290 1308 sic
1319 1265 1584 1319 pronuntiat:
1616 1265 1689 1307 in-

187 1346 491 1388 corpoream
533 1346 646 1376 esse
678 1333 898 1376 animam
938 1334 1039 1375 etsi
1086 1333 1326 1376 difficile
1355 1333 1687 1376 tardioribus

184 1403 494 1458 persuaderi
523 1404 725 1457 potest,
765 1403 891 1444 mihi
931 1405 1102 1444 tamen
1134 1403 1307 1444 fateor
1340 1414 1450 1443 esse
1475 1414 1687 1456 persua-

184 1484 319 1520 sum,
363 1483 538 1524 cumque
576 1471 618 1512 id
648 1470 708 1511 ita
739 1470 823 1512 fore
854 1470 1081 1512 rationibus
1113 1469 1276 1523 magnis
1310 1471 1434 1524 atque
1474 1469 1687 1513 insolubili

135 1555 170 1582 ρο
184 1539 541 1593 argumentatione
573 1538 788 1581 conuincat
821 1550 869 1580 ac
899 1551 1022 1591 super
1053 1539 1128 1580 hoc
1163 1538 1404 1593 Hieronymi
1435 1537 1686 1580 sententiam

183 1609 336 1661 poscat,
369 1608 503 1650 laudis
524 1620 622 1650 suae
652 1609 818 1649 tantum
842 1619 866 1648 a
886 1606 1137 1660 Hieronymo
1160 1607 1315 1660 scripta
1335 1610 1563 1660 recuperat,
1586 1607 1686 1661 quin

315 1761 359 1795 16
383 1761 535 1805 August.
561 1760 604 1795 de
630 1761 721 1805 orig.
746 1761 854 1795 anim.

247 1902 267 1935 1
292 1902 424 1936 mirum
448 1901 516 1936 LS
629 1902 651 1936 2
675 1913 700 1946 p
721 1912 787 1947 que
812 1902 867 1944 M,
907 1912 968 1946 pro
993 1912 1081 1946 quae
1106 1903 1126 1936 b
1243 1903 1336 1938 mole
1361 1904 1416 1938 sui
1441 1903 1472 1939 S
1582 1904 1605 1940 3
1628 1915 1683 1940 co-

178 1957 311 2012 piosius
338 1958 420 2000 GR,
461 1969 600 2004 compos
625 1958 706 1994 Sch.
830 1959 852 1993 4
876 1958 1011 1993 auserit
1035 1959 1248 1995 AOH¹MR
1371 1961 1393 1994 5
1417 1962 1582 1996 naturam
1608 1962 1682 1997 edi-

177 2029 274 2060 tores
304 2030 457 2070 praeter
487 2029 533 2071 12²
686 2027 868 2062 incusabit
903 2028 951 2062 M
953 2038 1000 2071 p,
1049 2028 1235 2063 incusabat
1272 2029 1292 2063 b
1455 2030 1476 2064 6
1513 2030 1682 2065 iniuriam

175 2083 412 2126 ACDEFG',
459 2085 591 2119 iniuria
627 2084 872 2129 BHLRSp2,
921 2096 987 2120 om.
1024 2086 1072 2120 M
1100 2086 1254 2121 editores
1401 2088 1533 2132 quanto
1569 2087 1687 2123 ΒΕΓ

177 2139 257 2176 Sch.
397 2142 417 2176 7
450 2142 549 2176 lucus
581 2142 617 2176 A
755 2141 876 2176 beluas
907 2144 943 2176 et
976 2142 1080 2177 boues
1111 2143 1209 2178 lucas
1240 2144 1312 2179 Mb
1449 2145 1554 2180 boues
1583 2145 1681 2180 lucas

177 2195 256 2233 Sela.
374 2198 506 2232 beatior
530 2198 567 2233 B
682 2200 704 2233 8
728 2201 873 2233 actenus
893 2198 929 2233 Β
937 2198 1150 2235 OGHLRS
1260 2201 1282 2235 9
1307 2200 1571 2236 testificandum
1596 2202 1681 2237 libri

174 2257 324 2297 praeter
347 2255 429 2290 GM
549 2256 592 2290 10
608 2255 797 2300 agustinus
814 2256 946 2291 AH¹S
1064 2258 1104 2291 11
1124 2256 1300 2302 crisippus
1321 2258 1447 2300 GLM,
1485 2258 1679 2303 crissippus

174 2321 221 2363 R,
258 2323 458 2368 crassippus
483 2324 634 2359 ABHR
762 2324 805 2359 12
829 2335 915 2359 zeno
941 2325 1021 2360 DF
1034 2325 1132 2368 Sela„
1173 2336 1281 2360 cenon
1304 2327 1354 2360 M
1476 2327 1610 2372 noster]
1635 2316 1678 2362 rsr

672 2383 691 2390 Α.

173 2414 228 2457 Β,
268 2393 311 2449 {ft
334 2417 370 2450 A
508 2399 725 2451 uoluminssm
755 2417 786 2452 S
920 2418 963 2452 13
995 2417 1406 2463 profecto—disciplinis
1433 2429 1500 2454 om.
1524 2419 1586 2454 M¹

174 2484 325 2518 naturae
349 2484 490 2521 M²S²b
610 2486 653 2520 14
676 2486 810 2520 nostris
835 2487 856 2521 b
979 2487 1022 2521 15
1046 2487 1179 2521 saeculi
1204 2497 1269 2521 om.
1296 2487 1371 2522 Mb
1485 2477 1597 2532 sp'alis
1621 2487 1676 2530 M,

174 2541 373 2585 specialiter
396 2542 417 2576 b
543 2542 686 2578 disserit
715 2544 745 2579 C
870 2544 913 2578 16
937 2544 1071 2579 librum
1096 2545 1133 2579 R
1257 2544 1510 2590 incorpoream]
1536 2555 1674 2580 omnem

173 2596 258 2632 add.
283 2598 304 2632 b
328 2599 455 2634 omisso
479 2609 553 2634 esse
691 2600 734 2635 17
767 2601 1018 2636 esse—fateor
1049 2611 1116 2636 om.
1153 2600 1186 2636 G
1324 2603 1362 2635 et
1384 2601 1512 2636 omisso
1537 2602 1567 2636 si
1591 2601 1677 2639 libri

167 2657 318 2698 praeter
341 2654 531 2692 DEFGP
665 2657 710 2691 18
733 2657 839 2702 mihi]
864 2660 984 2692 autem
1008 2658 1093 2694 add.
1119 2658 1156 2693 R
1290 2657 1334 2692 19
1357 2657 1395 2692 id
1419 2668 1485 2694 om.
1510 2658 1583 2693 Mb

172 2710 209 2744 id
233 2712 274 2744 ta
298 2711 334 2745 B
472 2712 517 2747 20
542 2714 594 2758 ac]
620 2713 684 2748 hac
714 2714 791 2749 CM
923 2715 1101 2749 sententia
1125 2714 1255 2751 BH¹R
