1884 2998
549 102 609 138 De
633 104 760 139 statu
785 103 961 140 animae
985 105 1204 150 epilogus.
1547 108 1630 153 195

131 228 332 282 quaedam
363 227 586 283 intellego:
624 227 702 270 hoe
733 228 842 271 enim
873 229 923 271 de
959 230 1180 283 prudentia
1210 234 1250 274 et
1280 233 1558 289 temperantia.
1587 235 1631 277 et

131 295 378 338 fortitudine
419 296 606 347 dixerim,
654 297 752 350 quia
791 297 930 351 potest
967 309 1053 340 esse
1093 299 1272 351 animus,
1313 301 1361 343 ut
1390 301 1629 345 nullatenus

133 365 190 406 sit
228 364 457 407 uirtutibus
494 364 721 419 praeditus,
759 366 831 407 sed
868 364 906 407 si
937 377 1003 407 eas
1035 378 1115 408 non
1145 367 1350 417 habuerit,
1382 381 1630 424 consequens

129 437 205 486 est,
237 436 284 476 ut
314 434 465 476 uitium
497 433 662 477 habeat.
707 434 932 488 conligitur
963 434 1074 476 enim
1104 435 1340 478 subiectum
1361 449 1521 492 semper
1542 452 1632 481 esse

98 503 317 546 5animum
348 505 419 544 aut
449 502 568 544 uitiis
600 506 672 545 aut
711 503 954 554 uirtutibus,
995 505 1229 547 subiectum
1266 518 1360 548 eum
1399 519 1485 550 esse
1524 509 1633 551 sicut

129 571 307 613 diximus
345 571 586 625 disciplinis,
634 583 736 625 quae
773 571 863 614 sine
907 584 951 614 eo
994 585 1082 615 esse
1126 586 1208 616 non
1252 577 1436 628 possunt.
1486 588 1631 619 uerum

128 641 239 683 enim
288 640 394 682 ratio
440 640 602 682 numeri
647 640 865 695 disciplina
905 642 982 684 est.
1033 655 1259 696 numquam
1305 643 1417 686 enim
1461 644 1541 686 erit
1584 646 1634 687 ut

129 709 325 763 quattuor
364 710 404 751 et
443 710 522 751 duo
559 710 719 763 septem
754 709 909 752 faciant
940 712 1013 753 aut
1044 712 1203 765 septem
1236 714 1276 754 et
1307 714 1393 754 tres
1423 712 1631 755 undecim.

127 777 321 820 similiter
352 778 393 819 et
422 777 554 832 figura
574 778 721 820 circuli
741 790 822 821 non
842 779 987 833 recipit
1009 779 1360 824 contrarietatem.
1405 792 1632 835 numquam

82 865 115 890 10
128 847 206 889 erit
250 847 298 888 ut
341 846 472 901 figura
518 847 664 889 circuli
709 860 756 890 ex
803 848 960 891 duabus
1012 849 1084 890 aut
1115 844 1255 891 'tribus
1298 849 1422 892 lineis
1451 849 1527 893 fiat
1558 852 1633 892 aut

128 916 381 971 quadrigona
418 929 465 958 ex
504 916 639 959 tribus
674 917 748 959 aut
777 918 940 971 trigona
970 929 1017 959 ex
1047 919 1257 972 quattuor.
1308 918 1344 961 si
1374 917 1487 960 enim
1517 918 1632 960 addi-

129 986 238 1027 deris
277 985 346 1028 uel
382 985 581 1027 minueris
620 986 791 1040 aliquid,
832 986 916 1027 13111
954 998 1030 1028 nec
1067 986 1232 1041 trigona
1269 999 1346 1029 nec
1378 986 1634 1042 quadrigona

129 1054 222 1104 erit,
262 1056 404 1096 manet
435 1055 544 1096 enim
582 1055 750 1096 aeterna
781 1055 823 1096 et
858 1054 1226 1098 incommutabilis.
1272 1054 1423 1097 harum
1454 1055 1634 1098 rationes

129 1123 445 1176 disciplinarum
483 1123 525 1165 et
556 1123 598 1164 in
638 1122 824 1165 subiecto
864 1125 960 1165 sunt
999 1123 1136 1165 animo
1169 1124 1210 1165 et
1241 1123 1329 1165 sine
1361 1136 1406 1166 eo
1438 1136 1523 1166 esse
1552 1137 1634 1167 11011

83 1208 116 1233 15
128 1192 314 1246 possunt.
352 1191 576 1245 conligitur
608 1192 823 1234 aeternum
860 1204 948 1233 esse
979 1191 1083 1234 illud
1116 1192 1160 1233 in
1191 1204 1271 1246 quo
1294 1194 1366 1244 est,
1400 1192 1507 1235 sicut
1528 1192 1634 1234 illud

130 1261 237 1314 quod
275 1260 317 1302 in
349 1273 394 1302 00
426 1263 499 1302 est.
551 1272 647 1315 ergo
686 1261 920 1303 inmortalis
960 1263 1023 1303 est
1055 1260 1195 1302 anima
1229 1263 1270 1302 et
1307 1260 1350 1303 id
1390 1260 1498 1314 quod
1527 1261 1636 1302 uiuit

131 1330 212 1372 scit
243 1342 404 1383 semper
435 1330 477 1371 et
500 1329 644 1371 cernit.
691 1330 762 1371 sed
793 1342 872 1372 non
903 1342 1065 1383 semper
1094 1330 1170 1371 1100
1203 1329 1372 1384 cogitat,
1411 1329 1509 1383 quia
1541 1341 1634 1371 cum

130 1399 209 1441 scit
243 1410 387 1440 secura
425 1399 473 1440 de
503 1410 557 1448 se,
596 1399 704 1451 quod
744 1399 914 1440 amittat
952 1410 995 1440 se
1033 1398 1077 1440 in
1111 1398 1258 1440 multis
1297 1397 1632 1453 cogitationibus,

129 1467 328 1509 distendit
365 1478 408 1508 se
446 1478 492 1508 ac
529 1467 566 1508 si
603 1479 676 1520 per
714 1468 890 1520 tempuS,
930 1479 1012 1509 non
1049 1480 1120 1521 per
1161 1467 1298 1509 locum
1343 1469 1458 1509 mota
1497 1469 1635 1508 mouet

85 1551 119 1577 20
131 1538 271 1578 tamen
316 1535 358 1577 et
403 1547 548 1589 corpus
593 1548 665 1589 per
708 1538 871 1590 tempus
913 1537 954 1578 et
998 1537 1150 1588 locum,
1197 1536 1357 1578 scilicet
1401 1535 1556 1577 iudicat
1596 1535 1638 1577 et

131 1604 349 1646 iudicatur.

189 1684 294 1726 Vide
344 1695 439 1736 ergo
498 1682 637 1726 anima
686 1683 867 1725 humana
924 1696 1046 1737 quam
1104 1695 1302 1737 magnum
1361 1685 1515 1726 bonum
1564 1682 1635 1731 sis,

132 1755 230 1796 dum
270 1755 319 1795 de
350 1752 585 1806 corporibus
624 1752 800 1803 iudicas,
841 1755 940 1794 dum
972 1755 1014 1794 et
1047 1753 1199 1794 rationi
1231 1752 1503 1806 coniungeris,
1536 1754 1635 1794 dum

132 1824 321 1865 aeternae
353 1822 543 1863 ueritatis
573 1821 621 1862 fis
653 1821 870 1875 particeps.
923 1833 1005 1863 non
1038 1821 1147 1862 enim
1178 1822 1265 1863 ate
1297 1820 1508 1875 diligenda
1538 1824 1637 1862 sunt

86 1905 121 1933 25
133 1904 235 1945 (11130
266 1891 376 1932 infra
405 1893 447 1932 te
478 1892 588 1941 sunt,
625 1890 666 1931 et
696 1891 885 1942 quamuis
915 1902 1109 1931 mensura
1139 1889 1254 1940 insit,
1289 1892 1335 1930 tu
1357 1891 1496 1930 tamen
1519 1900 1634 1929 men-

132 1972 228 2002 sura
273 1972 353 2002 non
400 1973 454 2001 es.
515 1958 755 2012 cogitationi
810 1958 903 1999 tuae
950 1970 1147 1999 numerus
1201 1956 1491 2010 uoluptatique
1541 1957 1637 1997 tuae

131 2029 292 2081 pondus
331 2029 379 2070 tu
416 2028 574 2070 scilicet
604 2040 678 2069 1100
717 2040 912 2068 numerus
944 2040 1018 2068 1100
1049 2027 1210 2080 pondus
1242 2038 1295 2068 03.
1347 2025 1454 2067 refer
1485 2025 1635 2066 uolun-

133 2099 266 2139 tatem
310 2096 374 2138 tui
417 2097 568 2139 amoris
614 2096 666 2137 ad
696 2095 818 2137 illum
854 2108 1073 2137 numerum
1119 2096 1207 2138 sine
1248 2105 1431 2147 numero,
1472 2095 1521 2135 de
1557 2104 1636 2146 quo

134 2165 353 2219 psalmista
394 2166 512 2207 dicit:
554 2166 602 2206 et
639 2164 946 2218 sapientiae
985 2164 1097 2205 eius
1130 2175 1228 2205 non
1260 2164 1338 2204 est
1369 2172 1637 2207 numerus,

88 2251 123 2277 80
136 2235 188 2276 ad
230 2234 346 2277 illam
377 2245 613 2275 mensuram
650 2233 738 2274 sine
768 2244 975 2281 mensura,
1012 2232 1063 2273 ad
1094 2232 1201 2273 illud
1230 2231 1385 2285 pondus
1417 2229 1505 2271 sine
1535 2240 1638 2282 pon—

136 2303 244 2355 dere,
284 2315 309 2345 a
353 2314 431 2356 quo
474 2301 612 2343 omnia
648 2301 926 2355 ponderantur
965 2301 1007 2342 et
1047 2299 1351 2342 mensurantur.
1404 2299 1540 2351 ipsum
1577 2298 1638 2338 est

273 2456 318 2491 29
348 2455 480 2490 Psalm.
509 2455 583 2497 146,
610 2455 632 2489 5

196 2599 229 2633 ’3
253 2598 291 2633 111
309 2602 396 2634 ante
412 2598 610 2633 uirtutibus
628 2597 713 2632 add.
732 2598 779 2632 M
894 2597 915 2630 6
939 2595 1080 2640 possint
1103 2595 1144 2639 p²
1260 2593 1304 2627 18
1330 2592 1409 2637 scit]
1436 2591 1484 2625 sit
1506 2591 1548 2635 22²

138 2661 184 2697 22
209 2661 257 2695 sit
278 2663 322 2706 1²²
444 2661 490 2696 24
514 2660 682 2695 ueritatis
704 2663 759 2704 μ’,
796 2660 941 2694 ueritati
966 2659 1013 2693 M
1020 2659 1039 2693 b
1158 2656 1212 2702 fis]
1239 2656 1287 2690 sis
1307 2666 1336 2700 p
1460 2654 1504 2689 27
1529 2652 1642 2688 refert

140 2724 356 2768 uoluriiptati
380 2725 521 2758 timoris
546 2724 593 2758 M
618 2726 722 2767 (corr.
748 2723 809 2757 M²
831 2723 873 2758 in
896 2723 1022 2766 mary.)

1431 2785 1502 2819 13*
