1884 2998
243 143 324 185 112
749 138 993 175 Claudiani
1018 138 1229 175 Mamerti

241 268 347 310 nihil
379 266 488 309 enim
521 266 704 308 creatum
734 278 805 319 per
829 278 873 308 se
903 277 1105 320 magnum
1146 268 1220 317 est,
1263 266 1334 308 sed
1366 278 1412 308 ex
1442 266 1614 309 minoris
1645 279 1741 310 con-

241 335 454 391 paratione
498 346 700 389 magnum
746 334 905 387 aliquid
951 333 1115 376 dicitur.
1165 334 1261 376 hinc
1305 336 1369 376 est
1414 336 1522 388 quod
1557 337 1742 378 montem

240 417 417 459 paruum
448 403 623 445 dicimus
655 404 696 444 et
727 403 882 457 grande
913 402 1093 452 milium,
1135 403 1336 457 grandem
1367 414 1527 456 quoque
1558 415 1743 445 muscam

241 474 284 515 et
312 474 459 516 bouem
506 484 697 526 paruum.
749 485 843 514 cum
882 484 979 513 uero
1019 471 1071 513 ad
1111 473 1245 526 ipsam
1290 471 1531 514 creatricem
1576 472 1743 514 uenitur

239 541 587 598 magnitudinem,
620 541 716 594 quia
741 540 951 593 conparari
980 552 1060 582 non
1081 542 1231 593 potest,
1264 553 1339 582 nec
1359 540 1492 582 maior
1513 553 1587 582 nec
1606 539 1743 582 minor
1773 558 1789 584 5

241 614 319 654 est.
372 611 431 652 sic
461 610 502 651 et
532 609 576 650 in
606 609 670 651 his
692 608 992 663 principalibus
1015 608 1158 651 formis
1181 611 1285 651 ratio
1305 622 1380 662 par
1401 611 1476 660 est,
1499 621 1599 662 quas
1620 608 1743 651 Plato

240 679 353 722 ideas
384 678 583 721 nominat.
635 689 733 718 nam
763 678 987 719 secundum
1013 678 1184 719 eandem
1206 678 1436 731 quadrandi
1457 678 1593 731 legem
1615 677 1744 720 fabri-

240 760 380 791 camus
421 750 462 789 et
498 746 744 801 quadratam
788 746 975 788 tabulam
1015 748 1057 787 et
1088 746 1223 788 forum
1270 749 1531 800 quadratum,
1579 748 1621 788 et
1651 758 1745 788 cum

240 806 378 860 forum
409 814 543 858 maius
575 814 825 868 quadratum
856 814 925 865 sit,
959 825 1041 855 non
1071 816 1209 856 tamen
1239 816 1374 870 magis
1397 816 1645 868 quadratum
1667 818 1742 858 est.

239 886 334 928 hino
365 885 500 938 capias
532 884 692 938 oportet
731 882 933 925 indicium
964 883 1077 924 illius
1108 895 1189 924 non
1229 885 1347 937 pensi
1386 884 1577 937 ponderis
1609 886 1648 926 et
1680 885 1791 928 in-1o

239 951 530 996 mensurabilis
551 964 767 994 mensurae
789 952 830 993 et
850 951 1167 994 innumerabilis
1189 953 1363 1001 numeri,
1387 965 1491 1005 quae
1514 952 1597 994 tria
1617 952 1744 994 simul

242 1022 483 1076 aequiterna
528 1033 688 1074 semper
733 1020 951 1062 indiuidua
988 1020 1138 1073 ubique
1171 1023 1211 1062 et
1242 1021 1488 1075 ubicumque
1519 1023 1607 1062 tota
1637 1033 1743 1064 unus

240 1091 340 1134 deus
376 1092 484 1132 sunt.

297 1170 446 1213 Omnia
476 1170 632 1212 etenim
664 1182 844 1224 corpora,
877 1169 1024 1224 quibus
1057 1170 1235 1223 quidque
1274 1171 1344 1212 u'el
1381 1182 1646 1211 numeramus
1677 1171 1746 1212 uel

241 1241 457 1295 pendimus
488 1239 555 1281 uel
585 1239 796 1293 metimur,
849 1241 890 1280 et
930 1238 1204 1281 numerabilia
1244 1239 1343 1280 sunt
1382 1240 1425 1280 et
1464 1237 1746 1291 ponderabilia
1758 1254 1791 1280 15

241 1309 283 1351 et
319 1307 634 1350 mensurabilia.
684 1319 783 1349 nam
824 1311 865 1349 et
903 1307 1089 1349 numeris
1126 1308 1170 1349 in
1210 1307 1445 1362 corporibus
1496 1308 1632 1350 certus
1680 1308 1747 1350 est

240 1378 387 1420 modus
432 1379 473 1419 et
517 1376 729 1431 pondiculi
768 1376 951 1419 trutinae
982 1379 1143 1419 certum
1174 1378 1236 1419 est
1266 1377 1425 1430 pondus
1456 1379 1498 1419 et
1528 1379 1745 1430 decempe-

242 1447 318 1488 dae
348 1448 460 1488 certa
489 1457 687 1487 mensura
719 1447 794 1497 est,
846 1458 870 1488 a
901 1445 1019 1487 cuius
1058 1445 1349 1499 magnitudine
1379 1446 1420 1488 et
1450 1445 1557 1488 citra
1591 1446 1744 1487 recurri

240 1515 338 1558 licet
382 1527 512 1568 usque
551 1515 602 1556 ad
636 1514 781 1557 uncias
820 1515 862 1556 et
901 1514 1130 1557 semuncias
1170 1517 1212 1557 et
1249 1527 1380 1568 usque
1417 1516 1468 1557 ad
1508 1514 1745 1564 minimum,

241 1584 346 1626 citra
376 1583 485 1637 quod
515 1583 621 1625 nihil
652 1583 726 1633 est,
760 1583 802 1625 et
831 1584 945 1625 ultra
975 1585 1078 1625 item
1107 1584 1301 1638 progredi
1331 1596 1459 1638 usque
1490 1585 1542 1626 ad
1563 1582 1745 1625 maxima
1758 1600 1791 1626 20

242 1653 284 1694 et
312 1652 443 1706 ipsius
469 1663 629 1706 quoque
659 1645 806 1695 mundi
836 1652 1047 1694 inaccessa
1077 1665 1185 1694 nunc
1215 1651 1401 1695 sensibus
1432 1652 1580 1706 spatia.
1619 1653 1745 1695 habet

243 1722 354 1764 enim
385 1724 546 1763 certum
576 1720 878 1774 magnitudinis
899 1723 1069 1763 modum
1091 1720 1291 1775 quidquid
1311 1721 1433 1763 finale
1454 1723 1527 1763 est.
1574 1721 1744 1775 proinde

242 1789 388 1832 mundi
426 1791 554 1832 moles
592 1791 800 1840 uniuersa,
847 1789 1043 1844 quoniam
1083 1802 1131 1831 ex
1169 1790 1297 1832 finitis
1338 1792 1400 1832 est
1430 1793 1627 1845 conpacta
1657 1802 1746 1832 cor-

241 1858 423 1913 poribus,
456 1859 605 1913 quippe
637 1872 732 1901 cum
763 1859 942 1900 alterum
963 1871 1108 1913 corpus
1139 1858 1259 1901 alteri
1290 1858 1414 1901 finem
1435 1859 1576 1911 faciat,
1603 1859 1746 1913 procul

311 2052 328 2086 1
356 2061 421 2097 sup
447 2061 482 2085 se
508 2050 544 2085 L
682 2051 702 2085 6
727 2051 762 2085 111
790 2061 856 2086 om.
882 2051 917 2086 R
1056 2061 1139 2095 pars
1163 2050 1364 2087 AB¹GGR
1501 2052 1521 2086 7
1547 2051 1746 2096 quadrandi

241 2108 335 2149 Mb,
376 2107 543 2152 quadrati
578 2108 656 2143 rell.
687 2111 720 2142 et
746 2107 825 2142 Sch.
964 2108 986 2142 9
1022 2107 1152 2152 forum]
1189 2108 1403 2152 quadratum
1440 2110 1476 2142 et
1512 2119 1593 2143 cum
1629 2109 1745 2143 forum

241 2164 326 2200 add.
365 2164 395 2199 G
530 2164 743 2208 quadratum
774 2164 888 2199 maius
919 2162 1134 2207 ABDEOE,
1175 2165 1390 2209 quadratum
1423 2166 1538 2200 maius
1571 2166 1745 2211 quadrum

240 2223 276 2258 R
415 2221 590 2266 quadrum
621 2221 730 2256 HLS
865 2221 1040 2266 quadrum
1071 2221 1152 2258 Sela.
1292 2223 1336 2258 14
1365 2222 1557 2267 quidquam
1585 2223 1636 2259 θ’
1653 2223 1744 2265 Sela,

240 2289 443 2324 quanquam
469 2279 508 2323 b,
546 2279 716 2323 quicquid
738 2290 782 2323 p,
819 2279 969 2324 quicque
994 2290 1038 2315 ex
1063 2281 1251 2324 quicquam
1275 2280 1315 2314 D
1430 2291 1592 2315 numeras
1617 2282 1653 2318 R

242 2338 283 2372 15
301 2339 337 2371 et
354 2340 440 2372 ante
456 2336 693 2371 numerabilia
709 2347 774 2371 om.
795 2336 970 2373 Galland.
1075 2348 1221 2371 numera
1240 2338 1380 2381 (omisso
1396 2338 1487 2372 bilia
1504 2340 1600 2382 sunt)
1618 2339 1654 2373 A

241 2396 284 2428 16
308 2394 465 2429 numeris
490 2394 551 2437 M,
588 2405 754 2429 numerus
780 2394 816 2437 b,
855 2395 995 2429 numeri
1018 2395 1095 2430 rell.
1114 2399 1146 2430 et
1163 2394 1239 2430 Sca.
1371 2395 1412 2429 17
1439 2395 1618 2440 pendiculi
1642 2395 1744 2437 LSb,

239 2463 464 2508 pondiusculi
480 2464 517 2497 A
608 2463 770 2497 trucinae
787 2464 833 2505 A,
859 2463 1015 2498 trotinae
1032 2463 1155 2499 CH¹R
1246 2464 1383 2508 pondus
1400 2465 1455 2498 est
1471 2464 1660 2500 ABDEF

241 2520 445 2587 decempecfss
471 2543 501 2578 S
637 2543 681 2578 18
705 2524 799 2577 certd
825 2542 855 2578 S
990 2543 1080 2578 citro
1106 2543 1321 2579 HLMRSb
1460 2544 1504 2578 19
1533 2545 1744 2580 semiuncias

240 2623 290 2658 M
318 2614 494 2666 editor&
534 2624 744 2659 semiuntias
778 2624 856 2660 ΒΕ
994 2624 1039 2658 20
1075 2624 1167 2659 eiu-0
1204 2624 1276 2658 Mb
1414 2624 1459 2658 21
1496 2606 1592 2659 1123}ss
1628 2625 1659 2660 s

241 2693 403 2728 censibus
422 2695 468 2737 12²
594 2694 640 2728 22
665 2693 819 2739 modurn]
846 2693 1001 2739 pondum
1025 2694 1058 2727 R
1183 2693 1228 2728 23
1253 2693 1357 2728 molis
1381 2692 1654 2730 ARCH¹MRb

240 2751 442 2795 comparata
472 2750 502 2786 C
