1884 2998
277 117 362 161 180
787 114 1031 150 Claudiani
1055 113 1267 149 Mamerti

276 242 438 285 amittit
484 240 679 290 animam,
720 241 858 283 anima
897 253 994 283 uero
1034 241 1216 283 animam
1256 253 1339 283 non
1370 240 1543 283 amittit.
1594 241 1782 296 quocirca

276 310 419 352 anima
460 309 697 353 inmortalis
743 311 819 362 est,
860 321 1006 364 corpus
1046 322 1143 352 uero
1184 310 1372 352 mortale.
1442 310 1589 363 quodsi
1638 322 1781 364 corpus

276 378 440 421 inferna
483 391 563 421 non
608 378 837 434 ingreditur
881 380 1026 433 utpote
1069 378 1255 432 sepulcro
1296 380 1542 420 mandatum
1584 380 1707 432 atque
1736 378 1781 420 iu

277 448 464 490 diuersas
509 447 654 490 mundi
699 449 839 501 partes
883 459 956 500 pro
1001 447 1298 490 elementorum
1340 460 1443 500 quae
1483 447 1564 489 sibi
1600 448 1643 489 in
1673 446 1781 490 illud

278 517 576 560 concinuerant
620 516 866 559 diuersitate
915 515 1169 570 discerptum
1210 516 1251 558 et
1299 516 1461 557 animus
1503 527 1587 557 non
1622 515 1780 558 accedit
1812 527 1828 552 ⁵

278 584 453 637 inferna,
486 585 583 639 quia
612 584 821 627 sententia
840 587 915 626 tua
935 584 1090 626 inferos
1112 584 1351 627 uiuentibus
1374 584 1553 626 claudit:
1584 584 1657 626 aut
1677 584 1783 626 nulli

277 665 376 707 ergo
407 654 506 696 sunt
534 653 660 696 inferi
690 655 763 695 aut
793 655 844 695 ad
875 664 942 695 eos
972 653 1186 695 hominum
1225 665 1344 695 nemo
1383 652 1606 695 descendit.
1659 654 1783 705 atque

276 721 339 764 ita
367 721 464 765 fidei
493 725 659 764 nostrae
688 722 797 764 ratio
828 721 1151 776 periclitabitur,
1183 721 1220 764 si
1250 734 1327 764 nec
1348 720 1621 774 redemptoris
1643 720 1783 763 anima

278 789 433 833 inferos
463 790 650 832 adeundo
680 790 969 844 redeundoque
1000 790 1214 832 reserauit.
1265 790 1370 832 satis
1402 790 1468 832 est
1497 789 1579 831 dici
1599 788 1783 843 potuisse

279 871 558 912 quaecumque
599 859 676 900 illa
715 858 879 900 inferna
918 861 1016 900 sunt
1056 859 1296 901 uiuentibus
1322 860 1527 901 inaccessa
1556 858 1657 912 fore,
1689 870 1783 900 cum
1798 870 1829 895 ιο

279 927 442 969 constet
471 928 618 969 eadem
647 927 728 969 nisi
763 926 1003 969 uiuentibus
1033 927 1140 969 adiri
1169 939 1250 970 non
1281 939 1411 981 posse.

335 1006 619 1049 Reminiscere
650 1018 760 1049 nunc
788 1007 832 1048 in
862 1006 907 1049 id
937 1009 980 1049 te
1011 1009 1171 1049 statum
1200 1006 1264 1049 tui
1292 1007 1476 1061 posuisse
1496 1007 1714 1058 tractatus,
1736 1007 1785 1047 ut

280 1076 317 1117 si
347 1074 575 1128 quantitati
604 1076 673 1117 uel
702 1074 907 1118 localitati
935 1076 1146 1118 subiacere
1168 1075 1351 1117 animam
1372 1075 1544 1129 probare
1564 1074 1782 1128 potuisses,

280 1145 330 1186 de
361 1144 650 1198 corporalitate
683 1143 770 1186 eius
799 1144 938 1186 tecum
968 1155 1064 1197 pars
1087 1143 1212 1185 etiam
1233 1144 1397 1186 diuersa
1413 1143 1601 1186 sentiret.
1636 1155 1784 1185 uerum

282 1211 319 1253 si
348 1210 454 1253 bene
484 1212 731 1265 scriptorum
761 1214 929 1254 tuorum
958 1212 1116 1264 recolis,
1155 1211 1483 1253 animaduertere
1514 1211 1639 1253 simul
1668 1212 1783 1265 potes
1800 1225 1832 1252 15

282 1279 543 1333 proposuisse
586 1282 629 1322 tc
673 1280 810 1334 potius
855 1281 905 1322 de
952 1279 1101 1334 quibus
1147 1279 1442 1334 disputandum
1487 1279 1615 1330 foret,
1662 1291 1784 1333 quam

284 1349 333 1389 de
362 1348 584 1401 propositis
623 1348 855 1402 disputasse
900 1360 975 1390 nec
1004 1350 1047 1390 te
1077 1348 1402 1391 academicorum
1433 1348 1640 1390 seniorum
1673 1360 1785 1390 more

282 1415 554 1458 nescientiam
584 1419 703 1458 tuam
734 1417 871 1467 scisse,
903 1417 974 1458 sed
1003 1416 1119 1459 iuxta
1139 1419 1274 1459 sectae
1294 1416 1423 1470 ipsius
1444 1416 1622 1457 iuniores
1644 1416 1786 1457 utrum

282 1484 409 1526 scires
456 1484 615 1537 aliquid
659 1485 880 1539 ignorasse.
932 1485 1024 1539 quis
1069 1485 1208 1527 autem
1247 1485 1394 1538 positis
1431 1486 1584 1526 temere
1614 1486 1782 1539 duobus,

283 1553 327 1594 in
373 1551 522 1605 quibus
566 1553 796 1596 necessario
835 1554 968 1607 operis
1006 1553 1192 1596 uniuersi
1232 1565 1380 1608 corpus
1420 1565 1539 1594 omne
1575 1552 1784 1603 consistat,
1800 1566 1834 1591 20

283 1632 366 1662 non
411 1621 634 1675 utrumque
665 1621 859 1676 primum,
906 1623 940 1663 si
987 1622 1124 1675 queat,
1169 1621 1498 1675 alterutrumque
1544 1621 1719 1672 scilicet,
1751 1620 1787 1662 si

282 1691 506 1743 utrumque
536 1692 726 1743 nequeat,
757 1689 874 1732 enisu
906 1688 1090 1744 cuipiam
1119 1689 1154 1731 si
1176 1702 1256 1732 non
1277 1690 1499 1744 probabile,
1524 1691 1631 1732 certe
1653 1689 1787 1732 credi-

355 1881 372 1915 1
411 1881 560 1916 amittat
591 1881 711 1917 Βᾶθι
850 1882 970 1916 anima
1000 1882 1171 1917 BDFH¹
1310 1881 1439 1926 anima]
1472 1892 1594 1926 corpus
1625 1882 1700 1917 Mb

284 1938 442 1972 animam
466 1949 548 1972 uero
573 1939 691 1973 anima
717 1938 756 1973 D
893 1940 914 1974 3
947 1940 989 1973 ut
1012 1940 1132 1984 potest
1162 1940 1216 1982 A,
1256 1940 1298 1973 ut
1321 1940 1405 1983 pute
1434 1939 1470 1974 R
1607 1938 1631 1973 4
1660 1939 1788 1983 partes]

284 1995 344 2029 uel
368 1994 456 2031 add.
487 1995 524 2030 R
662 1996 685 2030 5
714 1997 967 2030 concinuerant
991 1997 1122 2040 scripsi
1145 1996 1220 2031 coll.
1242 2006 1323 2041 pay.
1349 1997 1406 2037 73,
1432 1997 1489 2037 10,
1517 1999 1675 2030 ceterum
1698 1996 1792 2031 hanc

284 2052 463 2096 scriptam
492 2052 676 2088 lectionem
700 2063 772 2087 esse
797 2053 887 2088 dicit
911 2053 1080 2088 Schottus
1108 2054 1150 2088 in
1173 2053 1286 2095 notis,
1327 2053 1552 2087 conciuerant
1580 2053 1670 2095 OM,
1712 2063 1792 2087 con-

286 2110 473 2151 tinuerant
497 2110 530 2153 b,
566 2109 831 2165 concitauerant
868 2110 956 2153 EG,
1009 2111 1274 2145 concitauerant
1309 2110 1385 2146 rell.
1424 2113 1457 2144 et
1493 2109 1571 2145 Sch.
1607 2110 1647 2144 in
1681 2113 1791 2151 textu,

284 2178 460 2222 putabam
482 2178 568 2213 olim
591 2178 773 2213 coiucrant
796 2179 1028 2213 scribendum
1044 2189 1119 2215 esse
1234 2178 1450 2222 discreptum
1475 2178 1564 2220 AB,
1600 2177 1793 2212 discretum

285 2245 405 2281 DEF
419 2246 499 2282 Sele.
639 2247 786 2292 accedit]
818 2247 863 2282 ad
895 2247 980 2282 add.
1014 2248 1054 2283 E
1075 2252 1108 2283 et
1133 2248 1181 2293 10²
1319 2248 1340 2282 6
1370 2247 1484 2282 uerba
1514 2247 1793 2292 quia—claudit

285 2326 392 2361 uncis
407 2326 557 2362 inclusit
575 2327 654 2362 Βοὴ.
778 2327 822 2362 10
845 2327 957 2362 refore
981 2329 1015 2362 A
1131 2328 1175 2363 11
1199 2328 1340 2363 constat
1363 2328 1384 2362 b
1499 2327 1569 2361 nisi
1586 2308 1793 2362 uiuentibus

287 2382 384 2440 adire
409 2405 440 2441 S
573 2406 617 2440 12
642 2407 798 2451 potuisse
822 2407 945 2443 ΑΒΘ1
1086 2408 1130 2443 13
1153 2408 1334 2443 localitate
1358 2406 1526 2443 ABER
1666 2407 1710 2441 14
1739 2407 1792 2441 di-

290 2466 501 2520 uessentiret
531 2487 569 2522 R
708 2488 749 2522 15
782 2489 901 2532 potest
931 2488 1065 2523 BH¹R
1204 2488 1245 2523 17
1278 2488 1490 2532 praepositis
1520 2487 1601 2530 Ab,
1641 2488 1793 2533 ppositis

289 2553 410 2588 BMR
547 2554 849 2590 hacademicorum
880 2556 925 2598 Ο,
968 2555 1275 2591 achademicorum
1300 2556 1329 2591 S
1465 2557 1508 2591 18
1539 2557 1635 2591 iuxte
1667 2557 1703 2592 A

292 2611 334 2644 19
371 2610 456 2655 quid
491 2612 527 2645 A
665 2615 709 2647 au
735 2613 863 2657 positis
888 2613 951 2656 M,
993 2614 1205 2658 antepositis
1229 2613 1249 2648 b
1386 2614 1432 2648 20
1467 2613 1633 2649 consistit
1668 2614 1792 2650 BC¹D

289 2666 331 2702 δ’*
460 2666 503 2701 21
529 2668 746 2704 alterutrum
769 2669 855 2704 libri
874 2673 1026 2714 praeter
1049 2670 1098 2704 M
1117 2673 1151 2705 et
1175 2669 1256 2706 Sch.
1386 2670 1431 2705 22
1456 2671 1568 2715 enisu}
1594 2671 1673 2716 quis
1697 2671 1794 2705 enim

289 2725 309 2759 b
448 2724 587 2768 cupiam
615 2726 698 2770 GR,
739 2726 920 2771 quippiam
944 2726 1033 2770 Mb,
1075 2727 1243 2771 quopiam
1269 2726 1343 2762 GT
1364 2727 1445 2763 Βοὴ.
