<?xml version="1.0" encoding="UTF-8"?>
<!DOCTYPE html PUBLIC "-//W3C//DTD XHTML 1.0 Transitional//EN"
    "http://www.w3.org/TR/xhtml1/DTD/xhtml1-transitional.dtd">
<html xmlns="http://www.w3.org/1999/xhtml" xml:lang="en" lang="en">
 <head>
  <title>
</title>
<meta http-equiv="Content-Type" content="text/html;charset=utf-8" />
  <meta name='ocr-system' content='tesseract 3.04.00' />
  <meta name='ocr-capabilities' content='ocr_page ocr_carea ocr_par ocr_line ocrx_word'/>
</head>
<body>
  <div class='ocr_page' id='page_1' title='image "./corpusscriptorum11clauuoft_0223.png"; bbox 0 0 1884 2998; ppageno 0'>
   <div class='ocr_carea' id='block_1_1' title="bbox 569 120 1599 163">
    <p class='ocr_par' dir='ltr' id='par_1_1' title="bbox 569 120 1599 163">
     <span class='ocr_line' id='line_1_1' title="bbox 569 120 1599 163; baseline 0.008 -8"><span class='ocrx_word' id='word_1_1' title='bbox 569 121 626 155; x_wconf 88' lang='lat' dir='ltr'><strong>De</strong></span> <span class='ocrx_word' id='word_1_2' title='bbox 650 121 777 155; x_wconf 82' lang='lat' dir='ltr'><strong>statu</strong></span> <span class='ocrx_word' id='word_1_3' title='bbox 802 120 977 155; x_wconf 82' lang='lat' dir='ltr'><strong>animae</strong></span> <span class='ocrx_word' id='word_1_4' title='bbox 1009 120 1068 156; x_wconf 94' lang='lat' dir='ltr'><strong>III</strong></span> <span class='ocrx_word' id='word_1_5' title='bbox 1093 120 1125 154; x_wconf 89' lang='grc'><strong>9.</strong></span> <span class='ocrx_word' id='word_1_6' title='bbox 1517 120 1599 163; x_wconf 80' lang='grc'><strong>169</strong></span> 
     </span>
    </p>
   </div>
   <div class='ocr_carea' id='block_1_2' title="bbox 42 244 1603 1948">
    <p class='ocr_par' dir='ltr' id='par_1_2' title="bbox 42 244 1603 1948">
     <span class='ocr_line' id='line_1_2' title="bbox 91 244 1602 300; baseline -0.003 -10"><span class='ocrx_word' id='word_1_7' title='bbox 91 247 305 298; x_wconf 83' lang='lat' dir='ltr'><strong>mentaris,</strong></span> <span class='ocrx_word' id='word_1_8' title='bbox 348 247 587 289; x_wconf 76' lang='lat' dir='ltr'><strong>intersitum</strong></span> <span class='ocrx_word' id='word_1_9' title='bbox 618 246 719 288; x_wconf 91' lang='lat' dir='ltr'><strong>locis</strong></span> <span class='ocrx_word' id='word_1_10' title='bbox 752 246 905 288; x_wconf 87' lang='lat' dir='ltr'><strong>merita</strong></span> <span class='ocrx_word' id='word_1_11' title='bbox 933 246 1121 296; x_wconf 74' lang='lat' dir='ltr'>secernit,</span> <span class='ocrx_word' id='word_1_12' title='bbox 1154 245 1230 288; x_wconf 89' lang='lat' dir='ltr'><strong>sub</strong></span> <span class='ocrx_word' id='word_1_13' title='bbox 1264 246 1393 300; x_wconf 92' lang='lat' dir='ltr'><strong>ipsius</strong></span> <span class='ocrx_word' id='word_1_14' title='bbox 1426 244 1602 300; x_wconf 75' lang='lat' dir='ltr'><strong>capituli</strong></span> 
     </span>
     <span class='ocr_line' id='line_1_3' title="bbox 93 313 1603 368; baseline -0.003 -9"><span class='ocrx_word' id='word_1_15' title='bbox 93 317 156 359; x_wconf 90' lang='lat' dir='ltr'><strong>tui</strong></span> <span class='ocrx_word' id='word_1_16' title='bbox 199 316 455 358; x_wconf 79' lang='lat' dir='ltr'><strong>discussione</strong></span> <span class='ocrx_word' id='word_1_17' title='bbox 495 315 726 357; x_wconf 87' lang='lat' dir='ltr'><strong>uideamus.</strong></span> <span class='ocrx_word' id='word_1_18' title='bbox 777 315 837 357; x_wconf 92' lang='lat' dir='ltr'><strong>sic</strong></span> <span class='ocrx_word' id='word_1_19' title='bbox 873 327 1050 368; x_wconf 91' lang='lat' dir='ltr'><strong>namque</strong></span> <span class='ocrx_word' id='word_1_20' title='bbox 1081 314 1299 356; x_wconf 76' lang='lat' dir='ltr'><strong>dissertas:</strong></span> <span class='ocrx_word' id='word_1_21' title='bbox 1334 317 1376 357; x_wconf 88' lang='lat' dir='ltr'><strong>si</strong></span> <span class='ocrx_word' id='word_1_22' title='bbox 1405 313 1603 355; x_wconf 82' lang='lat' dir='ltr'><strong>locales</strong></span> 
     </span>
     <span class='ocr_line' id='line_1_4' title="bbox 93 384 1603 437; baseline -0.002 -10"><span class='ocrx_word' id='word_1_23' title='bbox 93 397 189 427; x_wconf 90' lang='lat' dir='ltr'><strong>non</strong></span> <span class='ocrx_word' id='word_1_24' title='bbox 231 387 354 427; x_wconf 92' lang='lat' dir='ltr'><strong>sunt</strong></span> <span class='ocrx_word' id='word_1_25' title='bbox 394 386 617 436; x_wconf 90' lang='lat' dir='ltr'><strong>animae,</strong></span> <span class='ocrx_word' id='word_1_26' title='bbox 660 396 753 437; x_wconf 90' lang='lat' dir='ltr'><strong>quo</strong></span> <span class='ocrx_word' id='word_1_27' title='bbox 790 385 936 426; x_wconf 88' lang='lat' dir='ltr'><strong>modo</strong></span> <span class='ocrx_word' id='word_1_28' title='bbox 967 385 1275 437; x_wconf 90' lang='lat' dir='ltr'><strong>peccatores</strong></span> <span class='ocrx_word' id='word_1_29' title='bbox 1306 396 1331 426; x_wconf 89' lang='lat' dir='ltr'><strong>a</strong></span> <span class='ocrx_word' id='word_1_30' title='bbox 1361 384 1603 426; x_wconf 90' lang='lat' dir='ltr'><strong>coetibus</strong></span> 
     </span>
     <span class='ocr_line' id='line_1_5' title="bbox 95 452 1603 506; baseline -0.001 -11"><span class='ocrx_word' id='word_1_31' title='bbox 95 452 486 506; x_wconf 76' lang='lat' dir='ltr'><strong>consortiisque</strong></span> <span class='ocrx_word' id='word_1_32' title='bbox 527 452 788 494; x_wconf 89' lang='lat' dir='ltr'><strong>iustorum</strong></span> <span class='ocrx_word' id='word_1_33' title='bbox 829 465 1049 495; x_wconf 88' lang='lat' dir='ltr'><strong>uacuum</strong></span> <span class='ocrx_word' id='word_1_34' title='bbox 1090 452 1226 494; x_wconf 91' lang='lat' dir='ltr'><strong>illud</strong></span> <span class='ocrx_word' id='word_1_35' title='bbox 1261 452 1412 494; x_wconf 89' lang='lat' dir='ltr'><strong>chaos</strong></span> <span class='ocrx_word' id='word_1_36' title='bbox 1445 452 1603 494; x_wconf 91' lang='lat' dir='ltr'><strong>tristi</strong></span> 
     </span>
     <span class='ocr_line' id='line_1_6' title="bbox 64 520 1602 575; baseline -0.001 -11"><span class='ocrx_word' id='word_1_37' title='bbox 64 521 482 564; x_wconf 71' lang='lat' dir='ltr'><strong>sinteriectione</strong></span> <span class='ocrx_word' id='word_1_38' title='bbox 524 521 884 573; x_wconf 73' lang='lat' dir='ltr'><strong>discriminat,</strong></span> <span class='ocrx_word' id='word_1_39' title='bbox 926 524 979 564; x_wconf 92' lang='lat' dir='ltr'><strong>ut</strong></span> <span class='ocrx_word' id='word_1_40' title='bbox 1019 534 1179 575; x_wconf 89' lang='lat' dir='ltr'><strong>neque</strong></span> <span class='ocrx_word' id='word_1_41' title='bbox 1211 521 1329 562; x_wconf 91' lang='lat' dir='ltr'><strong>hinc</strong></span> <span class='ocrx_word' id='word_1_42' title='bbox 1359 520 1458 563; x_wconf 92' lang='lat' dir='ltr'><strong>illo</strong></span> <span class='ocrx_word' id='word_1_43' title='bbox 1489 533 1602 574; x_wconf 89' lang='lat' dir='ltr'><strong>pos-</strong></span> 
     </span>
     <span class='ocr_line' id='line_1_7' title="bbox 94 587 1603 643; baseline -0.002 -11"><span class='ocrx_word' id='word_1_44' title='bbox 94 591 200 632; x_wconf 90' lang='lat' dir='ltr'><strong>sint</strong></span> <span class='ocrx_word' id='word_1_45' title='bbox 249 590 492 632; x_wconf 85' lang='lat' dir='ltr'><strong>accedere</strong></span> <span class='ocrx_word' id='word_1_46' title='bbox 549 602 713 643; x_wconf 90' lang='lat' dir='ltr'><strong>neque</strong></span> <span class='ocrx_word' id='word_1_47' title='bbox 765 590 881 632; x_wconf 91' lang='lat' dir='ltr'><strong>inde</strong></span> <span class='ocrx_word' id='word_1_48' title='bbox 938 590 1037 632; x_wconf 92' lang='lat' dir='ltr'><strong>huc</strong></span> <span class='ocrx_word' id='word_1_49' title='bbox 1091 590 1445 631; x_wconf 68' lang='lat' dir='ltr'><strong>transmeare?</strong></span> <span class='ocrx_word' id='word_1_50' title='bbox 1491 587 1603 631; x_wconf 90' lang='lat' dir='ltr'><strong>istud</strong></span> 
     </span>
     <span class='ocr_line' id='line_1_8' title="bbox 94 657 1603 713; baseline -0.001 -13"><span class='ocrx_word' id='word_1_51' title='bbox 94 658 356 713; x_wconf 89' lang='lat' dir='ltr'><strong>euangelicae</strong></span> <span class='ocrx_word' id='word_1_52' title='bbox 386 658 576 700; x_wconf 88' lang='lat' dir='ltr'><strong>lectionis</strong></span> <span class='ocrx_word' id='word_1_53' title='bbox 607 658 840 711; x_wconf 84' lang='lat' dir='ltr'><strong>exemplum</strong></span> <span class='ocrx_word' id='word_1_54' title='bbox 880 658 1073 713; x_wconf 87' lang='lat' dir='ltr'><strong>adempta</strong></span> <span class='ocrx_word' id='word_1_55' title='bbox 1108 657 1304 700; x_wconf 89' lang='lat' dir='ltr'><strong>dominici</strong></span> <span class='ocrx_word' id='word_1_56' title='bbox 1335 657 1603 710; x_wconf 75' lang='lat' dir='ltr'><strong>simplicitate</strong></span> 
     </span>
     <span class='ocr_line' id='line_1_9' title="bbox 94 725 1600 781; baseline -0.001 -12"><span class='ocrx_word' id='word_1_57' title='bbox 94 728 294 769; x_wconf 88' lang='lat' dir='ltr'><strong>sermonis</strong></span> <span class='ocrx_word' id='word_1_58' title='bbox 326 739 399 781; x_wconf 90' lang='lat' dir='ltr'><strong>pro</strong></span> <span class='ocrx_word' id='word_1_59' title='bbox 430 727 683 769; x_wconf 87' lang='lat' dir='ltr'><strong>adstruenda</strong></span> <span class='ocrx_word' id='word_1_60' title='bbox 703 726 898 769; x_wconf 89' lang='lat' dir='ltr'><strong>uidelicet</strong></span> <span class='ocrx_word' id='word_1_61' title='bbox 920 727 1155 768; x_wconf 89' lang='lat' dir='ltr'><strong>animarum</strong></span> <span class='ocrx_word' id='word_1_62' title='bbox 1175 726 1388 768; x_wconf 85' lang='lat' dir='ltr'><strong>localitate</strong></span> <span class='ocrx_word' id='word_1_63' title='bbox 1410 725 1600 779; x_wconf 87' lang='lat' dir='ltr'><strong>posuisti.</strong></span> 
     </span>
     <span class='ocr_line' id='line_1_10' title="bbox 93 793 1601 848; baseline -0.001 -11"><span class='ocrx_word' id='word_1_64' title='bbox 93 796 166 837; x_wconf 89' lang='lat' dir='ltr'><strong>sed</strong></span> <span class='ocrx_word' id='word_1_65' title='bbox 209 796 364 838; x_wconf 86' lang='lat' dir='ltr'><strong>oraculi</strong></span> <span class='ocrx_word' id='word_1_66' title='bbox 405 796 537 837; x_wconf 89' lang='lat' dir='ltr'><strong>diuini</strong></span> <span class='ocrx_word' id='word_1_67' title='bbox 579 795 787 837; x_wconf 88' lang='lat' dir='ltr'><strong>sincerum</strong></span> <span class='ocrx_word' id='word_1_68' title='bbox 828 797 872 837; x_wconf 91' lang='lat' dir='ltr'><strong>in</strong></span> <span class='ocrx_word' id='word_1_69' title='bbox 903 795 966 837; x_wconf 92' lang='lat' dir='ltr'><strong>sui</strong></span> <span class='ocrx_word' id='word_1_70' title='bbox 998 796 1174 837; x_wconf 87' lang='lat' dir='ltr'><strong>ueritate</strong></span> <span class='ocrx_word' id='word_1_71' title='bbox 1209 794 1420 848; x_wconf 91' lang='lat' dir='ltr'><strong>prolatum</strong></span> <span class='ocrx_word' id='word_1_72' title='bbox 1452 793 1601 847; x_wconf 86' lang='lat' dir='ltr'><strong>oppido</strong></span> 
     </span>
     <span class='ocr_line' id='line_1_11' title="bbox 48 862 1599 918; baseline -0.003 -10"><span class='ocrx_word' id='word_1_73' title='bbox 48 883 81 908; x_wconf 84' lang='lat'><strong>10</strong></span> <span class='ocrx_word' id='word_1_74' title='bbox 93 864 328 918; x_wconf 86' lang='lat' dir='ltr'><strong>patefaciet,</strong></span> <span class='ocrx_word' id='word_1_75' title='bbox 361 864 458 918; x_wconf 89' lang='lat' dir='ltr'><strong>quid</strong></span> <span class='ocrx_word' id='word_1_76' title='bbox 489 863 584 905; x_wconf 90' lang='lat' dir='ltr'><strong>istic</strong></span> <span class='ocrx_word' id='word_1_77' title='bbox 615 875 747 905; x_wconf 89' lang='lat' dir='ltr'><strong>sermo</strong></span> <span class='ocrx_word' id='word_1_78' title='bbox 778 865 876 906; x_wconf 88' lang='lat' dir='ltr'><strong>tuus</strong></span> <span class='ocrx_word' id='word_1_79' title='bbox 909 863 1137 905; x_wconf 88' lang='lat' dir='ltr'><strong>uariauerit</strong></span> <span class='ocrx_word' id='word_1_80' title='bbox 1183 863 1397 906; x_wconf 90' lang='lat' dir='ltr'><strong>uitiauerit</strong></span> <span class='ocrx_word' id='word_1_81' title='bbox 1441 862 1599 905; x_wconf 86' lang='lat' dir='ltr'><strong>texerit.</strong></span> 
     </span>
     <span class='ocr_line' id='line_1_12' title="bbox 94 932 1602 987; baseline -0.001 -13"><span class='ocrx_word' id='word_1_82' title='bbox 94 933 196 975; x_wconf 91' lang='lat' dir='ltr'><strong>dicit</strong></span> <span class='ocrx_word' id='word_1_83' title='bbox 227 933 270 974; x_wconf 91' lang='lat' dir='ltr'><strong>in</strong></span> <span class='ocrx_word' id='word_1_84' title='bbox 302 933 516 987; x_wconf 85' lang='lat' dir='ltr'><strong>euangelio</strong></span> <span class='ocrx_word' id='word_1_85' title='bbox 548 933 762 975; x_wconf 87' lang='lat' dir='ltr'><strong>dominus:</strong></span> <span class='ocrx_word' id='word_1_86' title='bbox 803 934 1043 974; x_wconf 91' lang='lat' dir='ltr'><strong>mortuus</strong></span> <span class='ocrx_word' id='word_1_87' title='bbox 1075 933 1154 974; x_wconf 89' lang='lat' dir='ltr'><strong>est</strong></span> <span class='ocrx_word' id='word_1_88' title='bbox 1185 944 1379 985; x_wconf 90' lang='lat' dir='ltr'><strong>pauper</strong></span> <span class='ocrx_word' id='word_1_89' title='bbox 1410 932 1460 973; x_wconf 90' lang='lat' dir='ltr'><strong>et</strong></span> <span class='ocrx_word' id='word_1_90' title='bbox 1491 932 1602 974; x_wconf 91' lang='lat' dir='ltr'><strong>sub-</strong></span> 
     </span>
     <span class='ocr_line' id='line_1_13' title="bbox 92 1001 1601 1056; baseline -0.002 -12"><span class='ocrx_word' id='word_1_91' title='bbox 92 1003 240 1044; x_wconf 86' lang='lat' dir='ltr'><strong>latus</strong></span> <span class='ocrx_word' id='word_1_92' title='bbox 286 1003 364 1043; x_wconf 91' lang='lat' dir='ltr'><strong>est</strong></span> <span class='ocrx_word' id='word_1_93' title='bbox 409 1003 469 1044; x_wconf 92' lang='lat' dir='ltr'><strong>ab</strong></span> <span class='ocrx_word' id='word_1_94' title='bbox 514 1001 722 1056; x_wconf 88' lang='lat' dir='ltr'><strong>angelis</strong></span> <span class='ocrx_word' id='word_1_95' title='bbox 769 1001 820 1042; x_wconf 93' lang='lat' dir='ltr'><strong>in</strong></span> <span class='ocrx_word' id='word_1_96' title='bbox 865 1002 1038 1043; x_wconf 89' lang='lat' dir='ltr'><strong>sinum</strong></span> <span class='ocrx_word' id='word_1_97' title='bbox 1079 1001 1332 1050; x_wconf 86' lang='lat' dir='ltr'><strong>Abrahae,</strong></span> <span class='ocrx_word' id='word_1_98' title='bbox 1365 1002 1601 1042; x_wconf 88' lang='lat' dir='ltr'><strong>mortuus</strong></span> 
     </span>
     <span class='ocr_line' id='line_1_14' title="bbox 92 1069 1603 1124; baseline -0.002 -12"><span class='ocrx_word' id='word_1_99' title='bbox 92 1071 250 1113; x_wconf 90' lang='lat' dir='ltr'><strong>estet</strong></span> <span class='ocrx_word' id='word_1_100' title='bbox 294 1072 442 1113; x_wconf 90' lang='lat' dir='ltr'><strong>diues</strong></span> <span class='ocrx_word' id='word_1_101' title='bbox 474 1071 523 1113; x_wconf 89' lang='lat' dir='ltr'><strong>et</strong></span> <span class='ocrx_word' id='word_1_102' title='bbox 553 1071 794 1124; x_wconf 89' lang='lat' dir='ltr'><strong>sepultus</strong></span> <span class='ocrx_word' id='word_1_103' title='bbox 841 1071 918 1112; x_wconf 93' lang='lat' dir='ltr'><strong>est</strong></span> <span class='ocrx_word' id='word_1_104' title='bbox 956 1071 1008 1112; x_wconf 90' lang='lat' dir='ltr'><strong>in</strong></span> <span class='ocrx_word' id='word_1_105' title='bbox 1047 1069 1332 1113; x_wconf 85' lang='lat' dir='ltr'><strong>infernum.</strong></span> <span class='ocrx_word' id='word_1_106' title='bbox 1384 1080 1603 1122; x_wconf 91' lang='lat' dir='ltr'><strong>cumque</strong></span> 
     </span>
     <span class='ocr_line' id='line_1_15' title="bbox 93 1137 1601 1193; baseline -0.001 -13"><span class='ocrx_word' id='word_1_107' title='bbox 93 1141 232 1182; x_wconf 86' lang='lat' dir='ltr'><strong>esset</strong></span> <span class='ocrx_word' id='word_1_108' title='bbox 260 1140 313 1182; x_wconf 92' lang='lat' dir='ltr'><strong>in</strong></span> <span class='ocrx_word' id='word_1_109' title='bbox 337 1139 643 1191; x_wconf 89' lang='lat' dir='ltr'><strong>tormentis,</strong></span> <span class='ocrx_word' id='word_1_110' title='bbox 676 1139 821 1181; x_wconf 90' lang='lat' dir='ltr'><strong>uidit</strong></span> <span class='ocrx_word' id='word_1_111' title='bbox 857 1138 1119 1180; x_wconf 88' lang='lat' dir='ltr'><strong>Abraham</strong></span> <span class='ocrx_word' id='word_1_112' title='bbox 1142 1139 1341 1193; x_wconf 90' lang='lat' dir='ltr'><strong>alonge</strong></span> <span class='ocrx_word' id='word_1_113' title='bbox 1371 1137 1421 1180; x_wconf 89' lang='lat' dir='ltr'><strong>et</strong></span> <span class='ocrx_word' id='word_1_114' title='bbox 1450 1137 1601 1179; x_wconf 87' lang='lat' dir='ltr'><strong>Laza-</strong></span> 
     </span>
     <span class='ocr_line' id='line_1_16' title="bbox 47 1207 1602 1262; baseline -0.001 -12"><span class='ocrx_word' id='word_1_115' title='bbox 47 1221 203 1250; x_wconf 82' lang='lat' dir='ltr'><strong>15rum</strong></span> <span class='ocrx_word' id='word_1_116' title='bbox 247 1211 297 1250; x_wconf 92' lang='lat' dir='ltr'><strong>in</strong></span> <span class='ocrx_word' id='word_1_117' title='bbox 342 1212 458 1250; x_wconf 91' lang='lat' dir='ltr'><strong>sinu</strong></span> <span class='ocrx_word' id='word_1_118' title='bbox 499 1207 610 1250; x_wconf 89' lang='lat' dir='ltr'><strong>eius</strong></span> <span class='ocrx_word' id='word_1_119' title='bbox 652 1209 701 1250; x_wconf 91' lang='lat' dir='ltr'><strong>et</strong></span> <span class='ocrx_word' id='word_1_120' title='bbox 740 1207 893 1250; x_wconf 90' lang='lat' dir='ltr'><strong>dicit:</strong></span> <span class='ocrx_word' id='word_1_121' title='bbox 939 1209 1089 1262; x_wconf 89' lang='lat' dir='ltr'><strong>pater</strong></span> <span class='ocrx_word' id='word_1_122' title='bbox 1129 1207 1416 1261; x_wconf 87' lang='lat' dir='ltr'><strong>Abraham,</strong></span> <span class='ocrx_word' id='word_1_123' title='bbox 1446 1207 1602 1248; x_wconf 89' lang='lat' dir='ltr'><strong>mitte</strong></span> 
     </span>
     <span class='ocr_line' id='line_1_17' title="bbox 92 1275 1602 1331; baseline -0.003 -12"><span class='ocrx_word' id='word_1_124' title='bbox 92 1278 343 1319; x_wconf 87' lang='lat' dir='ltr'><strong>Lazarum</strong></span> <span class='ocrx_word' id='word_1_125' title='bbox 364 1279 419 1318; x_wconf 90' lang='lat' dir='ltr'><strong>ut</strong></span> <span class='ocrx_word' id='word_1_126' title='bbox 450 1277 725 1331; x_wconf 86' lang='lat' dir='ltr'><strong>intinguat</strong></span> <span class='ocrx_word' id='word_1_127' title='bbox 757 1277 1030 1319; x_wconf 91' lang='lat' dir='ltr'><strong>minimum</strong></span> <span class='ocrx_word' id='word_1_128' title='bbox 1062 1276 1225 1329; x_wconf 88' lang='lat' dir='ltr'><strong>digiti</strong></span> <span class='ocrx_word' id='word_1_129' title='bbox 1247 1276 1326 1318; x_wconf 92' lang='lat' dir='ltr'><strong>sui</strong></span> <span class='ocrx_word' id='word_1_130' title='bbox 1348 1275 1602 1329; x_wconf 90' lang='lat' dir='ltr'><strong>inaquam</strong></span> 
     </span>
     <span class='ocr_line' id='line_1_18' title="bbox 91 1343 1603 1400; baseline -0.002 -13"><span class='ocrx_word' id='word_1_131' title='bbox 91 1347 143 1387; x_wconf 91' lang='lat' dir='ltr'><strong>et</strong></span> <span class='ocrx_word' id='word_1_132' title='bbox 173 1345 472 1400; x_wconf 87' lang='lat' dir='ltr'><strong>refrigeret</strong></span> <span class='ocrx_word' id='word_1_133' title='bbox 502 1346 742 1400; x_wconf 86' lang='lat' dir='ltr'><strong>linguam</strong></span> <span class='ocrx_word' id='word_1_134' title='bbox 783 1358 967 1395; x_wconf 89' lang='lat' dir='ltr'><strong>meam,</strong></span> <span class='ocrx_word' id='word_1_135' title='bbox 1010 1345 1129 1399; x_wconf 91' lang='lat' dir='ltr'><strong>quia</strong></span> <span class='ocrx_word' id='word_1_136' title='bbox 1174 1344 1382 1387; x_wconf 86' lang='lat' dir='ltr'><strong>crucior</strong></span> <span class='ocrx_word' id='word_1_137' title='bbox 1422 1343 1478 1385; x_wconf 92' lang='lat' dir='ltr'><strong>in</strong></span> <span class='ocrx_word' id='word_1_138' title='bbox 1509 1343 1603 1384; x_wconf 88' lang='lat' dir='ltr'><strong>hac</strong></span> 
     </span>
     <span class='ocr_line' id='line_1_19' title="bbox 92 1411 1599 1467; baseline -0.002 -11"><span class='ocrx_word' id='word_1_139' title='bbox 92 1413 320 1456; x_wconf 82' lang='lat' dir='ltr'><strong>flamma.</strong></span> <span class='ocrx_word' id='word_1_140' title='bbox 383 1416 433 1455; x_wconf 89' lang='lat' dir='ltr'><strong>et</strong></span> <span class='ocrx_word' id='word_1_141' title='bbox 491 1413 773 1467; x_wconf 87' lang='lat' dir='ltr'><strong>respondit</strong></span> <span class='ocrx_word' id='word_1_142' title='bbox 818 1414 1104 1456; x_wconf 85' lang='lat' dir='ltr'><strong>Abraham:</strong></span> <span class='ocrx_word' id='word_1_143' title='bbox 1154 1413 1434 1462; x_wconf 88' lang='lat' dir='ltr'><strong>memento,</strong></span> <span class='ocrx_word' id='word_1_144' title='bbox 1487 1411 1599 1463; x_wconf 87' lang='lat' dir='ltr'><strong>fili,</strong></span> 
     </span>
     <span class='ocr_line' id='line_1_20' title="bbox 91 1481 1601 1537; baseline -0.001 -13"><span class='ocrx_word' id='word_1_145' title='bbox 91 1484 212 1537; x_wconf 87' lang='lat' dir='ltr'><strong>quia</strong></span> <span class='ocrx_word' id='word_1_146' title='bbox 241 1482 499 1536; x_wconf 86' lang='lat' dir='ltr'><strong>recepisti</strong></span> <span class='ocrx_word' id='word_1_147' title='bbox 538 1482 672 1524; x_wconf 89' lang='lat' dir='ltr'><strong>bona</strong></span> <span class='ocrx_word' id='word_1_148' title='bbox 702 1483 754 1524; x_wconf 88' lang='lat' dir='ltr'><strong>in</strong></span> <span class='ocrx_word' id='word_1_149' title='bbox 784 1483 898 1524; x_wconf 88' lang='lat' dir='ltr'><strong>uita</strong></span> <span class='ocrx_word' id='word_1_150' title='bbox 928 1484 1039 1534; x_wconf 87' lang='lat' dir='ltr'><strong>tua,</strong></span> <span class='ocrx_word' id='word_1_151' title='bbox 1077 1482 1336 1524; x_wconf 88' lang='lat' dir='ltr'><strong>similiter</strong></span> <span class='ocrx_word' id='word_1_152' title='bbox 1366 1483 1415 1524; x_wconf 90' lang='lat' dir='ltr'><strong>et</strong></span> <span class='ocrx_word' id='word_1_153' title='bbox 1446 1481 1601 1523; x_wconf 89' lang='lat' dir='ltr'><strong>Laza-</strong></span> 
     </span>
     <span class='ocr_line' id='line_1_21' title="bbox 44 1551 1600 1604; baseline -0.003 -9"><span class='ocrx_word' id='word_1_154' title='bbox 44 1564 175 1595; x_wconf 87' lang='lat' dir='ltr'><strong>2orus</strong></span> <span class='ocrx_word' id='word_1_155' title='bbox 226 1551 380 1604; x_wconf 88' lang='lat' dir='ltr'><strong>mala,</strong></span> <span class='ocrx_word' id='word_1_156' title='bbox 434 1551 484 1592; x_wconf 89' lang='lat' dir='ltr'><strong>et</strong></span> <span class='ocrx_word' id='word_1_157' title='bbox 533 1551 650 1592; x_wconf 88' lang='lat' dir='ltr'><strong>ideo</strong></span> <span class='ocrx_word' id='word_1_158' title='bbox 697 1563 827 1592; x_wconf 92' lang='lat' dir='ltr'><strong>nunc</strong></span> <span class='ocrx_word' id='word_1_159' title='bbox 876 1551 963 1593; x_wconf 89' lang='lat' dir='ltr'><strong>hic</strong></span> <span class='ocrx_word' id='word_1_160' title='bbox 1010 1551 1336 1601; x_wconf 88' lang='lat' dir='ltr'><strong>consolatur,</strong></span> <span class='ocrx_word' id='word_1_161' title='bbox 1382 1553 1436 1591; x_wconf 93' lang='lat' dir='ltr'><strong>tu</strong></span> <span class='ocrx_word' id='word_1_162' title='bbox 1479 1560 1600 1590; x_wconf 90' lang='lat' dir='ltr'><strong>uero</strong></span> 
     </span>
     <span class='ocr_line' id='line_1_22' title="bbox 93 1619 1601 1662; baseline -0.002 0"><span class='ocrx_word' id='word_1_163' title='bbox 93 1619 368 1662; x_wconf 84' lang='lat' dir='ltr'><strong>cruciaris.</strong></span> <span class='ocrx_word' id='word_1_164' title='bbox 422 1619 547 1660; x_wconf 89' lang='lat' dir='ltr'><strong>etin</strong></span> <span class='ocrx_word' id='word_1_165' title='bbox 570 1619 648 1660; x_wconf 90' lang='lat' dir='ltr'><strong>his</strong></span> <span class='ocrx_word' id='word_1_166' title='bbox 681 1619 921 1661; x_wconf 88' lang='lat' dir='ltr'><strong>omnibus</strong></span> <span class='ocrx_word' id='word_1_167' title='bbox 954 1620 1094 1661; x_wconf 91' lang='lat' dir='ltr'><strong>inter</strong></span> <span class='ocrx_word' id='word_1_168' title='bbox 1124 1631 1210 1661; x_wconf 91' lang='lat' dir='ltr'><strong>nos</strong></span> <span class='ocrx_word' id='word_1_169' title='bbox 1243 1621 1295 1660; x_wconf 85' lang='lat' dir='ltr'><strong>et</strong></span> <span class='ocrx_word' id='word_1_170' title='bbox 1325 1630 1416 1660; x_wconf 90' lang='grc'>1103</span> <span class='ocrx_word' id='word_1_171' title='bbox 1448 1619 1601 1661; x_wconf 88' lang='lat' dir='ltr'><strong>chaos</strong></span> 
     </span>
     <span class='ocr_line' id='line_1_23' title="bbox 91 1687 1600 1743; baseline -0.001 -13"><span class='ocrx_word' id='word_1_172' title='bbox 91 1701 333 1743; x_wconf 86' lang='lat' dir='ltr'><strong>magnum</strong></span> <span class='ocrx_word' id='word_1_173' title='bbox 364 1687 638 1730; x_wconf 87' lang='lat' dir='ltr'><strong>firmatum</strong></span> <span class='ocrx_word' id='word_1_174' title='bbox 670 1691 767 1738; x_wconf 90' lang='lat' dir='ltr'><strong>est,</strong></span> <span class='ocrx_word' id='word_1_175' title='bbox 809 1690 865 1730; x_wconf 93' lang='lat' dir='ltr'><strong>ut</strong></span> <span class='ocrx_word' id='word_1_176' title='bbox 895 1699 1063 1741; x_wconf 90' lang='lat' dir='ltr'><strong>neque</strong></span> <span class='ocrx_word' id='word_1_177' title='bbox 1096 1688 1218 1730; x_wconf 88' lang='lat' dir='ltr'><strong>hinc</strong></span> <span class='ocrx_word' id='word_1_178' title='bbox 1248 1687 1310 1729; x_wconf 91' lang='lat' dir='ltr'><strong>ad</strong></span> <span class='ocrx_word' id='word_1_179' title='bbox 1340 1699 1431 1729; x_wconf 89' lang='lat' dir='ltr'><strong>uos</strong></span> <span class='ocrx_word' id='word_1_180' title='bbox 1463 1687 1600 1741; x_wconf 90' lang='lat' dir='ltr'><strong>quis-</strong></span> 
     </span>
     <span class='ocr_line' id='line_1_24' title="bbox 92 1755 1596 1811; baseline -0.001 -12"><span class='ocrx_word' id='word_1_181' title='bbox 92 1769 238 1811; x_wconf 88' lang='lat' dir='ltr'><strong>quam</strong></span> <span class='ocrx_word' id='word_1_182' title='bbox 268 1756 442 1810; x_wconf 87' lang='lat' dir='ltr'><strong>possit</strong></span> <span class='ocrx_word' id='word_1_183' title='bbox 473 1757 550 1798; x_wconf 90' lang='lat' dir='ltr'><strong>ire</strong></span> <span class='ocrx_word' id='word_1_184' title='bbox 586 1770 747 1811; x_wconf 91' lang='lat' dir='ltr'><strong>neque</strong></span> <span class='ocrx_word' id='word_1_185' title='bbox 785 1757 902 1799; x_wconf 89' lang='lat' dir='ltr'><strong>inde</strong></span> <span class='ocrx_word' id='word_1_186' title='bbox 941 1757 1040 1799; x_wconf 91' lang='lat' dir='ltr'><strong>huc</strong></span> <span class='ocrx_word' id='word_1_187' title='bbox 1088 1759 1429 1799; x_wconf 85' lang='lat' dir='ltr'><strong>transmeare.</strong></span> <span class='ocrx_word' id='word_1_188' title='bbox 1479 1755 1596 1798; x_wconf 86' lang='lat' dir='ltr'><strong>istud</strong></span> 
     </span>
     <span class='ocr_line' id='line_1_25' title="bbox 93 1823 1601 1879; baseline -0.001 -11"><span class='ocrx_word' id='word_1_189' title='bbox 93 1839 201 1868; x_wconf 90' lang='lat' dir='ltr'><strong>nunc</strong></span> <span class='ocrx_word' id='word_1_190' title='bbox 246 1826 353 1869; x_wconf 92' lang='lat' dir='ltr'><strong>mihi</strong></span> <span class='ocrx_word' id='word_1_191' title='bbox 394 1826 620 1868; x_wconf 88' lang='lat' dir='ltr'><strong>secundum</strong></span> <span class='ocrx_word' id='word_1_192' title='bbox 666 1825 755 1867; x_wconf 89' lang='lat' dir='ltr'><strong>loca</strong></span> <span class='ocrx_word' id='word_1_193' title='bbox 801 1827 842 1867; x_wconf 90' lang='lat' dir='ltr'><strong>et</strong></span> <span class='ocrx_word' id='word_1_194' title='bbox 888 1828 1075 1879; x_wconf 88' lang='lat' dir='ltr'><strong>tempora</strong></span> <span class='ocrx_word' id='word_1_195' title='bbox 1115 1825 1183 1867; x_wconf 89' lang='lat' dir='ltr'><strong>uel</strong></span> <span class='ocrx_word' id='word_1_196' title='bbox 1220 1836 1391 1879; x_wconf 91' lang='lat' dir='ltr'><strong>corpora</strong></span> <span class='ocrx_word' id='word_1_197' title='bbox 1436 1823 1601 1875; x_wconf 87' lang='lat' dir='ltr'><strong>dissere,</strong></span> 
     </span>
     <span class='ocr_line' id='line_1_26' title="bbox 42 1893 1599 1948; baseline -0.001 -13"><span class='ocrx_word' id='word_1_198' title='bbox 42 1895 186 1938; x_wconf 77' lang='lat' dir='ltr'><strong>25istic</strong></span> <span class='ocrx_word' id='word_1_199' title='bbox 226 1894 315 1937; x_wconf 90' lang='lat' dir='ltr'><strong>sine</strong></span> <span class='ocrx_word' id='word_1_200' title='bbox 355 1895 655 1937; x_wconf 88' lang='lat' dir='ltr'><strong>alternamento</strong></span> <span class='ocrx_word' id='word_1_201' title='bbox 697 1895 894 1948; x_wconf 90' lang='lat' dir='ltr'><strong>reciproci</strong></span> <span class='ocrx_word' id='word_1_202' title='bbox 936 1894 1042 1937; x_wconf 89' lang='lat' dir='ltr'><strong>aeris</strong></span> <span class='ocrx_word' id='word_1_203' title='bbox 1084 1895 1126 1936; x_wconf 93' lang='lat' dir='ltr'><strong>et</strong></span> <span class='ocrx_word' id='word_1_204' title='bbox 1161 1905 1314 1948; x_wconf 88' lang='lat' dir='ltr'><strong>organo</strong></span> <span class='ocrx_word' id='word_1_205' title='bbox 1346 1894 1524 1947; x_wconf 88' lang='lat' dir='ltr'><strong>pectoris</strong></span> <span class='ocrx_word' id='word_1_206' title='bbox 1557 1893 1599 1934; x_wconf 89' lang='lat' dir='ltr'><strong>et</strong></span> 
     </span>
    </p>
   </div>
   <div class='ocr_carea' id='block_1_3' title="bbox 228 2018 1086 2064">
    <p class='ocr_par' dir='ltr' id='par_1_3' title="bbox 228 2018 1086 2064">
     <span class='ocr_line' id='line_1_27' title="bbox 228 2018 1086 2064; baseline -0.001 -10"><span class='ocrx_word' id='word_1_207' title='bbox 228 2019 251 2054; x_wconf 79' lang='lat'>2</span> <span class='ocrx_word' id='word_1_208' title='bbox 275 2019 318 2054; x_wconf 85' lang='lat' dir='ltr'><strong>cf.</strong></span> <span class='ocrx_word' id='word_1_209' title='bbox 347 2029 426 2064; x_wconf 79' lang='lat' dir='ltr'><strong>pag.</strong></span> <span class='ocrx_word' id='word_1_210' title='bbox 455 2019 508 2062; x_wconf 85' lang='lat'><strong>14,</strong></span> <span class='ocrx_word' id='word_1_211' title='bbox 533 2019 555 2054; x_wconf 86' lang='lat'>5</span> <span class='ocrx_word' id='word_1_212' title='bbox 697 2019 736 2053; x_wconf 93' lang='lat'><strong>11</strong></span> <span class='ocrx_word' id='word_1_213' title='bbox 763 2019 845 2054; x_wconf 76' lang='lat' dir='ltr'><strong>Luc,</strong></span> <span class='ocrx_word' id='word_1_214' title='bbox 871 2020 925 2061; x_wconf 84' lang='lat'><strong>16,</strong></span> <span class='ocrx_word' id='word_1_215' title='bbox 950 2018 994 2053; x_wconf 83' lang='lat'><strong>22</strong></span> <span class='ocrx_word' id='word_1_216' title='bbox 1011 2041 1026 2044; x_wconf 88' lang='lat'><strong>--</strong></span> <span class='ocrx_word' id='word_1_217' title='bbox 1042 2018 1086 2053; x_wconf 84' lang='lat'><strong>26</strong></span> 
     </span>
    </p>
   </div>
   <div class='ocr_carea' id='block_1_4' title="bbox 159 2131 1602 2177">
    <p class='ocr_par' dir='ltr' id='par_1_4' title="bbox 159 2131 1602 2177">
     <span class='ocr_line' id='line_1_28' title="bbox 159 2131 1602 2177; baseline -0.001 -10"><span class='ocrx_word' id='word_1_218' title='bbox 159 2132 183 2167; x_wconf 88' lang='lat'>4</span> <span class='ocrx_word' id='word_1_219' title='bbox 206 2134 350 2168; x_wconf 83' lang='lat' dir='ltr'><strong>uastum</strong></span> <span class='ocrx_word' id='word_1_220' title='bbox 376 2135 429 2168; x_wconf 85' lang='lat' dir='ltr'><strong>est</strong></span> <span class='ocrx_word' id='word_1_221' title='bbox 452 2132 492 2167; x_wconf 72' lang='lat' dir='ltr'><strong>iri</strong></span> <span class='ocrx_word' id='word_1_222' title='bbox 517 2132 673 2177; x_wconf 75' lang='lat' dir='ltr'><strong>epistula</strong></span> <span class='ocrx_word' id='word_1_223' title='bbox 697 2131 831 2167; x_wconf 79' lang='lat' dir='ltr'><strong>Fausti</strong></span> <span class='ocrx_word' id='word_1_224' title='bbox 951 2132 971 2166; x_wconf 83' lang='lat'><strong>7</strong></span> <span class='ocrx_word' id='word_1_225' title='bbox 997 2131 1198 2176; x_wconf 83' lang='lat' dir='ltr'><strong>ademptam</strong></span> <span class='ocrx_word' id='word_1_226' title='bbox 1221 2131 1437 2173; x_wconf 64' lang='lat' dir='ltr'><strong>ABUHR,</strong></span> <span class='ocrx_word' id='word_1_227' title='bbox 1472 2131 1602 2176; x_wconf 70' lang='lat' dir='ltr'><strong>adepta</strong></span> 
     </span>
    </p>
   </div>
   <div class='ocr_carea' id='block_1_5' title="bbox 92 2193 1605 2771">
    <p class='ocr_par' dir='ltr' id='par_1_5' title="bbox 92 2193 1605 2428">
     <span class='ocr_line' id='line_1_29' title="bbox 93 2193 1509 2258; baseline -0.003 -9"><span class='ocrx_word' id='word_1_228' title='bbox 93 2213 140 2257; x_wconf 81' lang='lat' dir='ltr'><strong>S,</strong></span> <span class='ocrx_word' id='word_1_229' title='bbox 176 2213 303 2258; x_wconf 88' lang='lat' dir='ltr'><strong>adepta</strong></span> <span class='ocrx_word' id='word_1_230' title='bbox 329 2213 365 2255; x_wconf 88' lang='lat' dir='ltr'><strong>b,</strong></span> <span class='ocrx_word' id='word_1_231' title='bbox 404 2212 609 2257; x_wconf 86' lang='lat' dir='ltr'><strong>ademptum</strong></span> <span class='ocrx_word' id='word_1_232' title='bbox 638 2212 670 2247; x_wconf 88' lang='lat' dir='ltr'><em>T</em></span> <span class='ocrx_word' id='word_1_233' title='bbox 686 2212 767 2247; x_wconf 83' lang='lat' dir='ltr'><strong>Seh.</strong></span> <span class='ocrx_word' id='word_1_234' title='bbox 886 2211 929 2246; x_wconf 88' lang='grc'><strong>10</strong></span> <span class='ocrx_word' id='word_1_235' title='bbox 953 2193 1148 2256; x_wconf 61' lang='lat' dir='ltr'><strong>patefaciat</strong></span> <span class='ocrx_word' id='word_1_236' title='bbox 1174 2211 1217 2254; x_wconf 79' lang='lat' dir='ltr'><strong>S,</strong></span> <span class='ocrx_word' id='word_1_237' title='bbox 1250 2211 1445 2256; x_wconf 86' lang='lat' dir='ltr'><strong>patefaciat</strong></span> <span class='ocrx_word' id='word_1_238' title='bbox 1466 2213 1509 2256; x_wconf 55' lang='grc' dir='ltr'><strong>ρ’</strong></span> 
     </span>
     <span class='ocr_line' id='line_1_30' title="bbox 92 2267 1605 2305; baseline -0.002 0"><span class='ocrx_word' id='word_1_239' title='bbox 92 2271 162 2305; x_wconf 78' lang='lat' dir='ltr'><strong>stic</strong></span> <span class='ocrx_word' id='word_1_240' title='bbox 186 2270 271 2305; x_wconf 64' lang='grc' dir='ltr'><strong>ΗΒ*</strong></span> <span class='ocrx_word' id='word_1_241' title='bbox 399 2270 585 2305; x_wconf 85' lang='lat' dir='ltr'><strong>uitiauerit</strong></span> <span class='ocrx_word' id='word_1_242' title='bbox 610 2279 675 2304; x_wconf 88' lang='lat' dir='ltr'><strong>om.</strong></span> <span class='ocrx_word' id='word_1_243' title='bbox 703 2269 732 2304; x_wconf 81' lang='grc' dir='ltr'><em>Ο</em></span> <span class='ocrx_word' id='word_1_244' title='bbox 860 2269 901 2303; x_wconf 88' lang='grc'><strong>12</strong></span> <span class='ocrx_word' id='word_1_245' title='bbox 926 2269 1007 2303; x_wconf 87' lang='grc'>311111</span> <span class='ocrx_word' id='word_1_246' title='bbox 1031 2267 1349 2304; x_wconf 81' lang='lat' dir='ltr'><strong><em>ABODEFH¹R</em></strong></span> <span class='ocrx_word' id='word_1_247' title='bbox 1479 2269 1524 2303; x_wconf 89' lang='lat'><strong>13</strong></span> <span class='ocrx_word' id='word_1_248' title='bbox 1548 2269 1605 2303; x_wconf 92' lang='lat' dir='ltr'><strong>in-</strong></span> 
     </span>
     <span class='ocr_line' id='line_1_31' title="bbox 93 2325 1602 2369; baseline 0 -8"><span class='ocrx_word' id='word_1_249' title='bbox 93 2328 192 2362; x_wconf 87' lang='lat' dir='ltr'><strong>ferno</strong></span> <span class='ocrx_word' id='word_1_250' title='bbox 226 2326 387 2363; x_wconf 76' lang='lat' dir='ltr'><strong><em>GH²LS</em></strong></span> <span class='ocrx_word' id='word_1_251' title='bbox 532 2326 575 2360; x_wconf 88' lang='lat'><strong>14</strong></span> <span class='ocrx_word' id='word_1_252' title='bbox 607 2325 755 2360; x_wconf 78' lang='lat' dir='ltr'><strong>uidetur</strong></span> <span class='ocrx_word' id='word_1_253' title='bbox 785 2326 1012 2361; x_wconf 76' lang='lat' dir='ltr'><strong>scribendum</strong></span> <span class='ocrx_word' id='word_1_254' title='bbox 1043 2336 1115 2361; x_wconf 85' lang='lat' dir='ltr'><strong>esse</strong></span> <span class='ocrx_word' id='word_1_255' title='bbox 1145 2325 1246 2360; x_wconf 87' lang='lat' dir='ltr'><strong>uidet</strong></span> <span class='ocrx_word' id='word_1_256' title='bbox 1271 2329 1423 2369; x_wconf 74' lang='lat' dir='ltr'><strong>propter</strong></span> <span class='ocrx_word' id='word_1_257' title='bbox 1452 2330 1602 2369; x_wconf 75' lang='lat' dir='ltr'><strong>sequens</strong></span> 
     </span>
     <span class='ocr_line' id='line_1_32' title="bbox 94 2382 1510 2428; baseline -0.001 -10"><span class='ocrx_word' id='word_1_258' title='bbox 94 2383 182 2418; x_wconf 84' lang='lat' dir='ltr'><strong>dicit</strong></span> <span class='ocrx_word' id='word_1_259' title='bbox 224 2383 286 2428; x_wconf 82' lang='lat' dir='ltr'><strong>(ef.</strong></span> <span class='ocrx_word' id='word_1_260' title='bbox 327 2384 435 2419; x_wconf 85' lang='lat' dir='ltr'><strong>etiam</strong></span> <span class='ocrx_word' id='word_1_261' title='bbox 475 2387 615 2418; x_wconf 74' lang='lat' dir='ltr'><strong>textum</strong></span> <span class='ocrx_word' id='word_1_262' title='bbox 657 2382 853 2425; x_wconf 77' lang='lat' dir='ltr'><strong>Graecum)</strong></span> <span class='ocrx_word' id='word_1_263' title='bbox 1058 2383 1253 2418; x_wconf 88' lang='lat' dir='ltr'><strong>eleazarum</strong></span> <span class='ocrx_word' id='word_1_264' title='bbox 1293 2383 1341 2417; x_wconf 85' lang='lat' dir='ltr'><em>M</em></span> <span class='ocrx_word' id='word_1_265' title='bbox 1377 2382 1510 2426; x_wconf 77' lang='lat' dir='ltr'><strong>ubique</strong></span> 
     </span>
    </p>

    <p class='ocr_par' dir='ltr' id='par_1_6' title="bbox 93 2439 1602 2771">
     <span class='ocr_line' id='line_1_33' title="bbox 96 2439 1510 2486; baseline -0.001 -10"><span class='ocrx_word' id='word_1_266' title='bbox 96 2441 139 2477; x_wconf 87' lang='lat'><strong>15</strong></span> <span class='ocrx_word' id='word_1_267' title='bbox 174 2440 353 2486; x_wconf 86' lang='lat' dir='ltr'><strong>abraham]</strong></span> <span class='ocrx_word' id='word_1_268' title='bbox 392 2441 558 2475; x_wconf 85' lang='lat' dir='ltr'><strong>miserere</strong></span> <span class='ocrx_word' id='word_1_269' title='bbox 593 2440 665 2474; x_wconf 87' lang='lat' dir='ltr'><strong>mei</strong></span> <span class='ocrx_word' id='word_1_270' title='bbox 700 2442 736 2475; x_wconf 85' lang='lat' dir='ltr'><strong>et</strong></span> <span class='ocrx_word' id='word_1_271' title='bbox 772 2440 858 2475; x_wconf 77' lang='lat' dir='ltr'><strong>add.</strong></span> <span class='ocrx_word' id='word_1_272' title='bbox 895 2442 935 2484; x_wconf 65' lang='grc' dir='ltr'><strong>ρ’</strong></span> <span class='ocrx_word' id='word_1_273' title='bbox 1081 2441 1123 2475; x_wconf 92' lang='grc'><strong>16</strong></span> <span class='ocrx_word' id='word_1_274' title='bbox 1158 2440 1319 2484; x_wconf 86' lang='lat' dir='ltr'><strong>intingat</strong></span> <span class='ocrx_word' id='word_1_275' title='bbox 1355 2439 1510 2474; x_wconf 80' lang='lat' dir='ltr'><strong>editores</strong></span> 
     </span>
     <span class='ocr_line' id='line_1_34' title="bbox 93 2496 1602 2543; baseline -0.001 -11"><span class='ocrx_word' id='word_1_276' title='bbox 93 2497 300 2543; x_wconf 75' lang='lat' dir='ltr'><strong>minimum]</strong></span> <span class='ocrx_word' id='word_1_277' title='bbox 326 2501 523 2533; x_wconf 79' lang='lat' dir='ltr'><strong>extremum</strong></span> <span class='ocrx_word' id='word_1_278' title='bbox 549 2497 625 2542; x_wconf 76' lang='lat' dir='ltr'><strong>Sp²</strong></span> <span class='ocrx_word' id='word_1_279' title='bbox 752 2508 844 2542; x_wconf 87' lang='lat' dir='ltr'><strong>aqua</strong></span> <span class='ocrx_word' id='word_1_280' title='bbox 867 2497 1061 2533; x_wconf 83' lang='lat' dir='ltr'><strong><em>ABDEF</em></strong></span> <span class='ocrx_word' id='word_1_281' title='bbox 1187 2497 1228 2531; x_wconf 83' lang='lat'><strong>17</strong></span> <span class='ocrx_word' id='word_1_282' title='bbox 1254 2498 1295 2531; x_wconf 88' lang='lat' dir='ltr'><strong>ut</strong></span> <span class='ocrx_word' id='word_1_283' title='bbox 1318 2496 1354 2531; x_wconf 89' lang='lat' dir='ltr'><em>R</em></span> <span class='ocrx_word' id='word_1_284' title='bbox 1475 2496 1602 2542; x_wconf 84' lang='lat' dir='ltr'><strong>lingua</strong></span> 
     </span>
     <span class='ocr_line' id='line_1_35' title="bbox 94 2553 1602 2599; baseline -0.001 -10"><span class='ocrx_word' id='word_1_285' title='bbox 94 2565 173 2589; x_wconf 80' lang='lat' dir='ltr'><strong>mea</strong></span> <span class='ocrx_word' id='word_1_286' title='bbox 196 2555 270 2590; x_wconf 87' lang='lat' dir='ltr'><strong>AB</strong></span> <span class='ocrx_word' id='word_1_287' title='bbox 408 2556 540 2590; x_wconf 87' lang='lat' dir='ltr'><strong>crucier</strong></span> <span class='ocrx_word' id='word_1_288' title='bbox 564 2555 601 2589; x_wconf 87' lang='lat' dir='ltr'><strong><em>A</em></strong></span> <span class='ocrx_word' id='word_1_289' title='bbox 735 2554 813 2599; x_wconf 86' lang='lat' dir='ltr'><strong>hac]</strong></span> <span class='ocrx_word' id='word_1_290' title='bbox 839 2565 879 2590; x_wconf 88' lang='lat' dir='ltr'><strong>ac</strong></span> <span class='ocrx_word' id='word_1_291' title='bbox 903 2555 938 2590; x_wconf 90' lang='lat' dir='ltr'><strong><em>B</em></strong></span> <span class='ocrx_word' id='word_1_292' title='bbox 1078 2554 1122 2588; x_wconf 81' lang='lat'><strong>20</strong></span> <span class='ocrx_word' id='word_1_293' title='bbox 1146 2553 1205 2588; x_wconf 87' lang='lat' dir='ltr'><strong>hic</strong></span> <span class='ocrx_word' id='word_1_294' title='bbox 1229 2563 1322 2588; x_wconf 91' lang='lat' dir='ltr'><strong>nunc</strong></span> <span class='ocrx_word' id='word_1_295' title='bbox 1345 2553 1431 2588; x_wconf 80' lang='lat' dir='ltr'><strong>libri</strong></span> <span class='ocrx_word' id='word_1_296' title='bbox 1448 2557 1602 2597; x_wconf 76' lang='lat' dir='ltr'><strong>praeter</strong></span> 
     </span>
     <span class='ocr_line' id='line_1_36' title="bbox 97 2610 1602 2647; baseline -0.002 -1"><span class='ocrx_word' id='word_1_297' title='bbox 97 2611 213 2647; x_wconf 77' lang='lat' dir='ltr'><strong>CGM</strong></span> <span class='ocrx_word' id='word_1_298' title='bbox 352 2612 393 2647; x_wconf 80' lang='lat'><strong>21</strong></span> <span class='ocrx_word' id='word_1_299' title='bbox 431 2623 495 2646; x_wconf 87' lang='lat' dir='ltr'><strong>uos</strong></span> <span class='ocrx_word' id='word_1_300' title='bbox 531 2613 567 2647; x_wconf 91' lang='lat' dir='ltr'><strong>et</strong></span> <span class='ocrx_word' id='word_1_301' title='bbox 602 2623 666 2646; x_wconf 86' lang='lat' dir='ltr'><strong>nos</strong></span> <span class='ocrx_word' id='word_1_302' title='bbox 703 2612 818 2647; x_wconf 87' lang='lat' dir='ltr'><strong>BEF</strong></span> <span class='ocrx_word' id='word_1_303' title='bbox 952 2612 995 2646; x_wconf 84' lang='lat'><strong>22</strong></span> <span class='ocrx_word' id='word_1_304' title='bbox 1032 2622 1094 2646; x_wconf 86' lang='lat' dir='ltr'><strong>nos</strong></span> <span class='ocrx_word' id='word_1_305' title='bbox 1136 2610 1191 2646; x_wconf 80' lang='lat' dir='ltr'><strong>Cb</strong></span> <span class='ocrx_word' id='word_1_306' title='bbox 1210 2610 1290 2646; x_wconf 78' lang='lat' dir='ltr'><strong>Seh.</strong></span> <span class='ocrx_word' id='word_1_307' title='bbox 1430 2610 1475 2645; x_wconf 80' lang='lat'><strong>23</strong></span> <span class='ocrx_word' id='word_1_308' title='bbox 1511 2610 1602 2644; x_wconf 84' lang='lat' dir='ltr'><strong>hullc</strong></span> 
     </span>
     <span class='ocr_line' id='line_1_37' title="bbox 94 2666 1510 2713; baseline -0.001 -9"><span class='ocrx_word' id='word_1_309' title='bbox 94 2669 132 2704; x_wconf 84' lang='lat' dir='ltr'><em>R</em></span> <span class='ocrx_word' id='word_1_310' title='bbox 269 2669 352 2704; x_wconf 90' lang='lat' dir='ltr'><strong>stud</strong></span> <span class='ocrx_word' id='word_1_311' title='bbox 385 2669 431 2704; x_wconf 88' lang='lat' dir='ltr'><em>H</em></span> <span class='ocrx_word' id='word_1_312' title='bbox 563 2670 608 2704; x_wconf 82' lang='lat'><strong>24</strong></span> <span class='ocrx_word' id='word_1_313' title='bbox 631 2671 792 2713; x_wconf 87' lang='lat' dir='ltr'><strong>tempora</strong></span> <span class='ocrx_word' id='word_1_314' title='bbox 815 2669 874 2704; x_wconf 90' lang='lat' dir='ltr'><strong>uel</strong></span> <span class='ocrx_word' id='word_1_315' title='bbox 899 2679 964 2704; x_wconf 87' lang='lat' dir='ltr'><strong>om.</strong></span> <span class='ocrx_word' id='word_1_316' title='bbox 992 2669 1078 2704; x_wconf 85' lang='lat' dir='ltr'><strong>libri</strong></span> <span class='ocrx_word' id='word_1_317' title='bbox 1098 2671 1251 2712; x_wconf 74' lang='lat' dir='ltr'><strong>praeter</strong></span> <span class='ocrx_word' id='word_1_318' title='bbox 1275 2667 1348 2702; x_wconf 88' lang='lat' dir='ltr'><strong>Mb</strong></span> <span class='ocrx_word' id='word_1_319' title='bbox 1373 2670 1405 2702; x_wconf 90' lang='lat' dir='ltr'><strong>et</strong></span> <span class='ocrx_word' id='word_1_320' title='bbox 1430 2666 1510 2703; x_wconf 66' lang='lat' dir='ltr'><strong>Sca.</strong></span> 
     </span>
     <span class='ocr_line' id='line_1_38' title="bbox 94 2724 1192 2771; baseline -0.003 -11"><span class='ocrx_word' id='word_1_321' title='bbox 94 2736 259 2770; x_wconf 87' lang='lat' dir='ltr'><strong>corporea</strong></span> <span class='ocrx_word' id='word_1_322' title='bbox 285 2726 360 2771; x_wconf 79' lang='lat' dir='ltr'><strong>Sp²</strong></span> <span class='ocrx_word' id='word_1_323' title='bbox 498 2726 542 2761; x_wconf 81' lang='lat'><strong>25</strong></span> <span class='ocrx_word' id='word_1_324' title='bbox 566 2726 634 2761; x_wconf 83' lang='lat' dir='ltr'><strong>stic</strong></span> <span class='ocrx_word' id='word_1_325' title='bbox 653 2726 781 2761; x_wconf 86' lang='lat' dir='ltr'><strong>BHL¹</strong></span> <span class='ocrx_word' id='word_1_326' title='bbox 922 2725 1147 2769; x_wconf 87' lang='lat' dir='ltr'><strong>reciprocaris</strong></span> <span class='ocrx_word' id='word_1_327' title='bbox 1172 2724 1192 2758; x_wconf 90' lang='lat' dir='ltr'><strong><em>b</em></strong></span> 
     </span>
    </p>
   </div>
  </div>
 </body>
</html>
