1884 2998
1434 184 1600 217 XLVIm

103 302 192 332 esse
231 302 255 331 a
292 288 508 332 Sirmondo
548 290 686 331 codice
716 287 933 331 Claudiani
963 291 1000 332 D
1031 292 1308 345 confirmatur,
1347 295 1390 337 in
1421 309 1499 350 quo
1531 297 1599 340 fol.

104 359 205 400 103u
236 358 346 399 idem
377 357 557 399 traditur
588 357 658 410 (cf.
691 369 785 411 pag.
816 358 891 411 Π).
942 359 1013 400 sed
1057 372 1188 413 neque
1226 361 1302 403 hoc
1331 374 1459 416 neque
1490 363 1600 406 Gen-

101 426 229 476 nadii‚
279 427 314 467 si
364 425 591 481 genuinum
645 426 719 476 est,
764 426 1052 469 testimonium
1101 428 1289 471 sufficere
1332 430 1510 487 uidetur,
1553 435 1601 474 ut

101 495 305 549 hymnum
335 494 458 535 illum
479 493 686 535 Mamerto
711 496 956 547 tribuamus,
990 508 1110 549 quem
1132 499 1172 538 et
1192 499 1351 539 ueteres
1383 499 1600 553 scriptores

102 566 144 606 et
177 564 335 605 codices
365 574 507 605 omnes
539 562 745 605 Venantio
777 564 1004 606 Fortunato
1037 565 1094 618 (H
1115 565 1157 619 2)
1189 566 1411 608 ascribant.
1460 567 1600 622 itaque

103 633 291 675 consulto
330 645 424 674 eum
462 631 693 683 omisimus,
733 633 976 685 praesertim
1017 644 1108 675 cum
1150 634 1192 675 in
1223 634 1418 676 Venantii
1451 635 1600 677 Fortu-

101 702 191 743 nati
224 699 418 752 editione,
450 713 571 753 quam
596 701 759 742 curauit
780 700 848 743 Fr.
874 700 955 742 Leo
975 700 1018 743 in
1038 702 1318 744 Monumentis
1339 703 1599 758 Germaniae,

101 770 256 824 optime
287 771 371 812 iam
402 769 537 811 exstet
570 770 811 811 recensitus.

156 850 271 892 Haec
300 850 404 891 mihi
435 850 739 904 praemonenda
769 862 860 892 esse
891 850 1161 893 uidebantur:
1202 850 1360 904 reliqua
1399 851 1443 892 in
1473 862 1599 904 pecu-

100 919 196 962 liari
243 919 600 974 commentatione,
649 932 773 972 quam
815 919 864 961 de
906 918 1124 961 Claudiani
1154 919 1348 961 Mamerti
1390 919 1600 962 latinitate

99 987 337 1041 propediem
374 988 663 1042 publicaturus
703 1000 808 1042 sum,
852 988 1076 1042 expediam.
1126 988 1198 1029 sed
1229 990 1451 1046 antequam
1481 1000 1599 1041 prae-

98 1056 215 1098 fandi
259 1057 384 1098 finem
429 1056 590 1107 faciam‚
636 1069 730 1098 cum
774 1069 935 1098 summa
983 1056 1092 1110 grati
1137 1056 1263 1098 animi
1312 1056 1600 1098 testificatione

100 1125 377 1168 nominandus
407 1127 467 1166 est
489 1125 722 1167 Guilelmus
752 1125 1050 1175 Hartelius,
1082 1126 1147 1167 uir
1177 1124 1442 1167 doctissimus
1472 1123 1598 1165 mihi-

100 1207 178 1248 que
208 1196 350 1248 gratae
380 1193 610 1236 uoluntatis
641 1193 805 1236 uinculo
836 1194 1209 1247 coniunctissimus,
1242 1194 1310 1246 qui
1342 1193 1479 1235 studia
1508 1204 1601 1234 mea

99 1263 144 1304 in
175 1262 251 1304 hac
281 1262 458 1304 editione
488 1262 670 1317 paranda
701 1263 903 1304 collocata
924 1262 1093 1304 consilio
1115 1263 1156 1303 et
1177 1261 1362 1316 exemplo
1384 1261 1600 1302 subleuare

100 1343 179 1372 non
226 1330 386 1372 destitit
425 1332 466 1372 et
502 1343 583 1372 non
624 1331 756 1372 solum
797 1331 995 1384 quidquid
1039 1330 1133 1372 usui
1171 1329 1275 1371 mihi
1314 1341 1401 1371 esse
1440 1330 1601 1381 poterat

99 1398 318 1440 undeunde
349 1399 555 1452 congessit
586 1401 627 1440 et
657 1399 861 1440 librorum
890 1398 1266 1451 manuscriptorum
1287 1397 1448 1450 copiam
1468 1396 1599 1438 inter-

101 1467 268 1509 cedente
319 1480 420 1509 caes.
473 1467 682 1509 academia
727 1467 1034 1509 Vindobonensi
1091 1466 1274 1508 officiose
1331 1465 1435 1506 mihi
1484 1463 1598 1514 fecit,

99 1549 245 1578 uerum
277 1536 404 1578 etiarn
435 1536 589 1577 multas
622 1538 664 1577 et
695 1535 881 1589 egregias
913 1535 1216 1577 emendationes
1246 1533 1474 1576 liberaliter
1494 1530 1599 1573 mihi

99 1603 393 1657 suppeditauit.

156 1695 420 1738 Vindobonae
451 1708 506 1737 m.
539 1695 759 1738 Decembri
789 1708 824 1737 a.
860 1695 980 1738 1884.

1077 1842 1126 1886 Α.
1159 1841 1203 1887 G.
1238 1839 1541 1896 Enqelbrecht.

167 2852 231 2887 XI.
1437 2840 1458 2874 d
