1884 2998
748 83 976 128 Epistula,
1560 90 1613 133 13

110 209 244 263 magis
274 207 465 250 libertati
494 207 707 250 interioris
738 209 981 262 operantur!
1021 209 1058 251 si
1088 209 1186 264 ipsis
1215 211 1357 254 anima
1391 214 1610 265 constaret,

113 277 270 332 absque
316 277 441 320 dubio
479 276 581 331 ipsis
620 277 888 331 pereuntibus
933 289 1143 332 superesse
1183 292 1265 322 non
1302 285 1454 334 posset.
1505 283 1612 324 unde

111 347 187 389 hoc
227 348 362 402 magis
403 346 493 400 ipsa
520 345 788 388 conscientiis
819 347 969 389 nostris
1000 347 1107 390 ratio
1138 348 1335 403 loquitur,
1368 353 1475 404 quod
1506 364 1612 394 una-

111 427 298 469 quaeque
329 415 468 457 anima
500 415 574 456 aut
609 414 864 467 multiplicia
894 415 1077 468 cogitata
1105 428 1242 458 rerum
1274 417 1407 459 causis
1437 419 1550 461 intra
1571 433 1615 462 se

80 486 309 536 sconcepta
348 483 556 536 parturiat
587 483 660 524 aut
691 494 831 523 sensus
863 494 957 524 suos
988 483 1105 524 uelut
1135 484 1337 537 quaedam
1369 486 1502 528 officia
1541 488 1614 528 aut

111 553 346 595 ministeria
393 552 565 594 diuersis
612 551 928 607 necessitatibus
972 552 1206 605 occupanda
1254 552 1477 607 dispergat,
1523 555 1614 608 ipsa

111 634 209 663 uero
251 621 293 662 in
327 621 511 663 conclaui
554 620 735 673 corporis
768 619 832 661 sui
865 621 995 661 semel
1026 621 1075 662 de
1107 631 1152 661 eo
1183 620 1342 662 exitura
1371 622 1612 676 requiescat.

112 703 238 744 quam
269 690 319 731 ob
349 702 436 731 rem
467 689 643 731 localem
674 702 758 731 esse
787 689 934 743 ipsam,
972 691 1018 730 ut
1051 689 1180 731 denuo
1202 690 1410 731 sufficiens
1432 691 1614 742 profera-

112 772 205 800 mus
238 758 493 812 exemplum:
536 770 671 799 nonne
702 759 842 800 anima
870 757 1015 799 Lazari
1044 760 1238 799 manente
1268 758 1357 800 uita
1387 758 1498 800 intra
1528 771 1615 801 cor-

65 844 98 868 ιο
112 839 188 882 pus
220 828 312 878 fuit,
344 827 558 868 recedente
590 827 729 868 autem
761 827 851 868 uita
876 827 925 867 de
955 826 1191 869 habitaculo
1224 827 1402 879 corporis
1433 827 1617 868 exulauit

114 898 156 937 et
196 908 359 938 rursum
399 895 510 937 intra
551 894 787 937 exanimum
818 895 956 936 refusa
992 907 1138 948 corpus
1176 895 1249 936 illo
1287 895 1394 936 unde
1425 894 1614 937 absenta-

113 967 232 1006 uerat
264 964 433 1007 euocata
463 965 696 1006 remeauit?
732 966 832 1006 tunc
864 975 954 1004 eam
985 966 1199 1016 tamquam
1232 965 1273 1005 et
1303 963 1470 1016 hospitii
1500 963 1616 1005 habi-

112 1033 270 1075 tatione
300 1033 514 1086 depulsam
536 1033 579 1075 et
599 1045 764 1074 rursum
786 1033 896 1074 intra
917 1031 1159 1085 hospitium,
1184 1032 1290 1073 unde
1312 1032 1615 1083 absentauerat‚

112 1102 352 1144 restitutam
384 1101 501 1144 uides
534 1102 577 1143 et
606 1102 781 1143 localem
811 1113 892 1142 non
919 1112 1005 1142 esse
1038 1100 1278 1142 contendis?
1309 1102 1379 1142 sed
1417 1100 1513 1153 quid
1543 1111 1617 1154 ego

68 1172 216 1213 1⁵haec
261 1173 310 1213 de
359 1170 619 1224 corruptibili
664 1169 830 1211 homine
877 1169 1033 1223 loquar,
1091 1180 1186 1210 cum
1234 1168 1306 1210 ille
1347 1168 1465 1210 cuius
1504 1179 1617 1209 caro

114 1252 214 1282 non
254 1240 395 1282 uidit
436 1239 837 1292 corruptionem
875 1237 1174 1279 inmaculatam
1224 1238 1390 1290 quidem
1435 1236 1617 1277 animam

115 1310 355 1363 possederit,
397 1309 467 1350 sed
498 1308 686 1358 localem,
719 1320 843 1360 quam
874 1308 1018 1359 utique
1048 1306 1160 1347 intra
1191 1318 1233 1347 se
1263 1305 1421 1356 habuit,
1455 1304 1618 1357 quando

116 1377 270 1420 adfixus
314 1377 378 1419 est
419 1377 462 1418 in
493 1375 696 1431 patibulo,
729 1376 842 1417 extra
872 1388 914 1417 se
945 1374 1087 1429 procul
1117 1373 1242 1416 dubio
1273 1374 1426 1424 emisit,
1457 1373 1618 1426 quando

254 1512 297 1546 15
323 1512 399 1546 Aet.
426 1511 458 1554 2,
485 1511 528 1545 31

211 1638 226 1671 1
266 1635 429 1670 libertati
471 1634 659 1675 canisius,
716 1633 859 1667 liberati
897 1633 945 1674 Z,
1000 1631 1182 1666 libertatis
1220 1631 1512 1667 ABCEFHRS
1531 1631 1620 1674 Sch„

117 1694 321 1729 libertatem
358 1694 432 1728 Mb
578 1692 762 1726 interioris
795 1702 860 1726 om.
893 1690 986 1733 Mb,
1026 1689 1185 1723 nitrioris
1216 1688 1411 1730 BCHRS,
1453 1689 1623 1723 nutrioris

119 1753 154 1786 A
292 1751 313 1785 2
349 1749 579 1795 pereuntibus
617 1749 705 1794 ipsis
743 1751 776 1783 et
812 1748 898 1783 add.
931 1757 993 1791 per
1026 1757 1130 1780 eumn
1168 1746 1215 1779 M
1351 1746 1464 1789 possit
1500 1746 1533 1779 Z

118 1808 223 1853 unde]
249 1810 291 1842 ut
315 1807 357 1842 de
387 1807 461 1842 Mb
599 1806 621 1840 3
653 1816 716 1840 nos
749 1806 784 1839 Z
918 1804 940 1838 5
972 1803 1150 1847 conceptis
1183 1802 1258 1837 Mb
1397 1812 1516 1836 sensus
1541 1812 1622 1836 suos

119 1866 221 1901 uelut
252 1876 318 1901 om.
351 1866 421 1900 Ma
453 1868 488 1899 et
513 1863 680 1899 Schottus
820 1861 970 1906 quadam
1004 1860 1040 1895 Z
1174 1859 1249 1903 aut]
1275 1870 1314 1893 ac
1345 1859 1416 1894 Ma
1441 1862 1475 1893 et
1500 1858 1622 1894 Schot-

119 1927 178 1959 tus
295 1923 316 1957 6
340 1924 510 1966 occupata
534 1921 608 1956 Mb
726 1921 744 1954 'c'
771 1919 864 1954 claui
889 1918 924 1953 Z
1043 1917 1096 1951 sui
1122 1927 1187 1951 om.
1214 1917 1282 1951 Ma
1307 1919 1341 1950 et
1366 1915 1532 1950 Schottus

121 1980 163 2016 de
187 1980 238 2025 eo]
267 1979 330 2014 deo
362 1979 434 2014 Mb
574 1978 595 2013 8
626 1977 713 2022 esse]
748 1977 890 2011 constat
924 1974 1008 2009 add.
1043 1974 1073 2009 S
1211 1973 1310 2007 illam
1342 1972 1411 2006 Ma
1441 1975 1474 2006 et
1499 1971 1622 2006 Schot-

120 2076 179 2108 tus
316 2073 358 2105 ut
389 2080 454 2105 om.
487 2066 628 2104 HMSb
770 2067 811 2101 de
836 2076 905 2100 uno
938 2063 1166 2099 AROEFM
1173 2063 1193 2098 b
1212 2062 1395 2105 Solimus,
1435 2061 1528 2096 unde
1550 2044 1622 2096 uno

122 2129 194 2166 Hs·
330 2129 352 2163 9
383 2127 561 2172 manente]
593 2127 752 2160 morante
784 2125 816 2159 Z
845 2129 903 2166 (an
927 2133 1024 2157 man.
1051 2123 1131 2164 sec.)
1273 2120 1316 2154 10
1347 2119 1525 2154 secedente
1553 2118 1622 2154 Ca-

122 2188 241 2223 m'sius
395 2185 537 2220 exiliuit
572 2184 609 2220 R
767 2183 808 2217 11
848 2180 999 2225 rursum]
1037 2180 1167 2214 iterum
1203 2178 1273 2212 Ma
1425 2178 1522 2211 intra
1557 2187 1624 2211 om.

123 2246 170 2285 Z,
211 2245 248 2278 in
274 2244 447 2280 Canisius
577 2241 790 2286 exanimum]
817 2241 915 2274 extra
939 2238 1094 2272 animam
1119 2236 1168 2278 Z,
1209 2234 1365 2270 exanime
1392 2234 1411 2268 b
1539 2234 1625 2268 illue

123 2302 194 2337 Ma
217 2305 252 2336 et
277 2301 444 2336 Schottus
588 2310 623 2333 se
643 2302 728 2343 post
752 2296 843 2331 unde
867 2295 952 2330 add.
977 2295 1062 2330 libri
1080 2296 1234 2338 praeter
1259 2292 1294 2326 Z
1316 2295 1348 2326 et
1367 2291 1533 2326 Schottus

125 2360 169 2394 12
192 2360 348 2403 fortasse
373 2359 539 2392 reuocata
563 2356 622 2391 uel
647 2356 772 2390 uocata
793 2352 1025 2389 ‘scribendum
1151 2348 1346 2393 tamquam]
1372 2358 1475 2392 quam
1503 2347 1537 2381 Z

125 2417 172 2463 et]
198 2427 238 2451 ex
263 2417 337 2452 Mb
358 2416 531 2451 Canisius
669 2413 713 2447 13
744 2411 941 2456 depulsam]
975 2409 1174 2453 depositam
1206 2406 1280 2440 Mb
1299 2405 1480 2446 Senonas,
1522 2404 1626 2448 depo·

125 2475 195 2508 sita
221 2472 514 2509 ABCEFHRS
640 2470 734 2504 inter
765 2468 937 2504 Canisius
1067 2464 1172 2508 unde]
1199 2474 1234 2498 se
1265 2462 1351 2497 add.
1375 2461 1459 2496 libri
1477 2464 1628 2505 praeter

125 2531 208 2566 ΜΖ
229 2535 262 2566 et
287 2530 455 2566 Schottus
594 2527 637 2562 14
661 2526 871 2561 restitutum
896 2523 1080 2559 AB¹H¹R
1213 2519 1306 2554 nidis
1333 2519 1367 2552 Z
1495 2518 1530 2552 et
1554 2527 1622 2552 om.

125 2589 158 2623 Z
293 2598 363 2622 non
400 2597 465 2622 om.
500 2585 536 2620 R
674 2582 895 2618 contendisse
933 2581 967 2615 Z
1102 2588 1185 2622 ergo
1223 2576 1296 2611 RZ
1430 2584 1493 2618 ego
1529 2573 1626 2617 haec]

126 2646 211 2680 haec
232 2656 298 2691 ego
324 2647 360 2679 et
386 2644 431 2688 S,
473 2654 536 2688 ego
561 2644 597 2677 et
621 2642 695 2676 Mb
838 2639 880 2673 16
905 2637 1048 2682 quidest
1072 2636 1107 2669 A
1247 2633 1290 2667 18
1314 2634 1392 2666 erat
1417 2630 1518 2671 M²b‚
1558 2639 1626 2664 om.

128 2703 156 2738 S
291 2703 329 2736 in
355 2713 421 2736 om.
447 2699 598 2735 ABEF
731 2698 824 2731 intra
850 2696 883 2730 Z
