1884 2998
254 149 336 193 154
770 148 1011 186 Claudiani
1035 149 1243 185 Mamerti

718 692 1290 767 CLAVDIANI

249 863 720 938 MAMERTI
775 864 901 937 DE
957 864 1287 939 STATV
1342 863 1753 939 ANIMAE

648 1067 911 1132 LIBER
963 1068 1349 1132 TERTIVS.

984 1215 1022 1269 Ι.

248 1342 309 1374 DE
340 1341 507 1372 LAZARI
539 1340 750 1372 CORPORE
780 1340 1013 1379 QVALITER
1042 1340 1349 1370 EXANIMATVM
1379 1340 1595 1371 IAOVERI'I*
1615 1342 1756 1373 LOCA-

306 1410 455 1451 LITER,
489 1409 583 1440 CVM
608 1409 755 1440 ANIMA
780 1408 1089 1440 INLOGALITER
1113 1407 1399 1440 DISCESSERIT
1423 1410 1452 1439 A
1478 1409 1697 1440 CORPORE.

305 1501 441 1545 Editis
476 1501 520 1543 in
560 1500 885 1543 adstructionem
926 1501 1014 1542 ueri
1054 1502 1095 1542 et
1135 1500 1283 1542 merito
1327 1500 1481 1554 pariter
1512 1504 1554 1543 et
1584 1514 1754 1544 numero
1783 1516 1801 1543 5

247 1569 348 1613 satis
377 1570 427 1612 ut
457 1569 635 1612 arbitror
663 1569 818 1612 idoneis
847 1568 1024 1611 uadibus
1054 1569 1187 1611 restat
1218 1581 1326 1611 nune
1357 1571 1406 1611 ut
1439 1582 1540 1623 quae
1563 1583 1610 1611 ex
1631 1582 1753 1624 opus—

246 1638 338 1680 culo
369 1637 493 1680 huius
523 1638 688 1691 patroni
719 1637 900 1691 eorporis
932 1638 1150 1690 supersunt
1179 1637 1409 1680 indiscussa
1433 1637 1660 1693 uideamus,
1682 1639 1754 1691 qui

247 1718 343 1749 eum
372 1706 596 1749 temeraria
625 1706 890 1760 persuasione
911 1706 1104 1748 decernat
1135 1705 1319 1747 animam
1350 1718 1516 1760 corpore
1538 1706 1751 1757 contineri,

246 1775 467 1828 adsumpto
497 1775 541 1816 in
570 1774 646 1816 hoc
674 1774 787 1817 idem
828 1773 1092 1828 euangelicae
1133 1774 1393 1816 auctoritatis
1429 1775 1610 1829 exemplo
1641 1776 1753 1817 tam-

246 1855 371 1897 quam
421 1843 694 1897 peremptorie
746 1843 1061 1896 argumentatur
1101 1843 1239 1884 dicens
1290 1854 1436 1896 corpus
1477 1844 1620 1885 Lazari
1660 1855 1801 1886 cumm

245 1911 330 1954 fuit
359 1914 571 1954 mortuum
600 1911 728 1953 fuisse
759 1910 847 1953 sine
887 1911 978 1953 uita
1018 1911 1209 1964 idemque
1238 1910 1471 1953 rediuiuum
1501 1910 1629 1952 fuisse
1660 1923 1755 1953 cum

245 1980 349 2035 uita,
381 1983 429 2022 ut
459 1993 532 2035 per
572 1981 648 2022 hoc
688 1980 828 2023 anima
866 1980 1012 2023 localis
1047 1992 1136 2022 esse
1169 1980 1373 2035 credatur,
1405 1992 1509 2033 quae
1539 1978 1755 2022 recesserit

247 2060 413 2105 corpore
442 2061 664 2102 rursusque
697 2049 750 2091 ad
781 2060 927 2103 corpus
958 2049 1186 2090 accesserit.

316 2240 333 2274 1
372 2248 517 2274 INCIPIT
553 2249 665 2275 LIBER
702 2249 862 2276 TERTIVS
898 2249 1006 2275 cvrvs
1041 2249 1163 2276 SVPRA
1192 2239 1364 2281 ΑΒΓΜ,
1412 2248 1519 2274 1111111·
1550 2248 1661 2273 LIBER
1694 2248 1753 2273 SE-

246 2306 392 2333 cvrmvs
417 2305 562 2331 INCIPIT
587 2305 700 2331 LIBER
725 2306 880 2333 TERTIVS
906 2297 1000 2339 HL,
1050 2306 1222 2332 EXPLICIT
1247 2306 1359 2331 LIBER
1382 2306 1415 2331 II
1441 2297 1520 2340 (om.
1538 2296 1582 2340 C)
1607 2305 1753 2330 INCIPIT

245 2363 359 2389 LIBER
384 2363 544 2390 TERTIVS
573 2353 644 2389 OG
771 2354 792 2388 6
817 2353 962 2388 uatibus
985 2355 1061 2389 Mb
1188 2354 1210 2388 8
1236 2354 1499 2398 supersuasione
1522 2353 1585 2394 M,
1625 2363 1751 2398 psuas-

246 2410 344 2445 sione
367 2411 404 2447 R
519 2411 666 2446 deornat
690 2411 784 2446 com'.
810 2411 991 2446 Barthius
1108 2421 1249 2456 corpore
1273 2410 1446 2446 contineri
1470 2410 1570 2453 E2G,
1606 2410 1754 2445 localem

247 2465 346 2509 Sch„
386 2478 450 2502 om.
483 2468 561 2503 rell.
586 2471 621 2503 et
652 2468 689 2510 b,
719 2478 808 2512 quos
837 2468 870 2502 si
901 2468 1002 2512 sequi
1026 2468 1101 2511 uis,
1130 2468 1285 2511 fortasse
1314 2467 1478 2512 decerpat
1495 2477 1567 2511 pro
1591 2466 1754 2501 decernat

244 2523 480 2558 scribendum
604 2524 626 2558 9
650 2526 687 2559 et
711 2526 851 2569 sumpto
876 2524 913 2560 R
1027 2524 1065 2558 in
1090 2535 1155 2559 om.
1182 2524 1336 2559 ABDF
1447 2525 1602 2568 itemque
1628 2523 1663 2559 B

247 2579 289 2614 11
322 2579 437 2614 uitam
467 2580 505 2616 R
644 2581 687 2616 12
719 2581 863 2616 recessit
893 2580 1016 2623 ΗΖΒ,
1058 2581 1247 2616 decesserit
1281 2581 1315 2616 G
1454 2581 1495 2616 13
1525 2592 1546 2615 a
1570 2584 1655 2616 ante
1678 2591 1752 2616 cor-

243 2646 327 2681 pore
350 2636 437 2671 add.
461 2637 544 2672 DS²
562 2637 640 2674 Sch.
674 2641 753 2683 (om.
779 2639 865 2682 PT)
1003 2639 1138 2682 corpori
1172 2638 1256 2673 libri
1286 2642 1436 2683 praeter
1467 2637 1664 2674 DEFGS²

245 2703 437 2738 rursusque
463 2693 561 2738 Sch„
600 2696 690 2730 rurs’
716 2705 824 2740 usque
848 2695 939 2738 Mb,
981 2705 1187 2740 rursumque
1210 2695 1287 2730 rell.
