1884 2998
542 80 781 115 uerborum
805 82 849 115 et
874 80 1162 114 locutionum.

137 218 174 242 ro
200 207 276 248 131,
294 206 350 241 20.
366 207 420 248 39,
439 206 492 240 15.
529 205 630 239 nobis
654 205 821 239 conuenit

136 263 237 296 super
270 252 335 286 hac
370 254 473 296 parte
498 250 575 292 177,
601 250 656 284 14.
681 270 726 276 —
750 249 819 284 duo

135 298 219 332 haec
243 297 282 331 in
306 297 494 332 uictoriam
511 296 726 331 conueniunt
743 295 820 338 181,

136 343 167 380 1.
208 344 249 377 ut
284 344 320 377 te
352 342 575 377 conuenirem
609 340 686 382 198,
717 340 752 375 4.
777 361 819 366 —

138 388 347 423 conueniens
372 387 542 432 qualitati
566 386 724 421 officium
743 386 819 428 164,

138 434 170 469 1.
194 434 443 469 conuenientia
468 432 546 477 104,
572 432 605 466 9.

64 481 262 515 conuentus
289 480 542 514 elementorum
566 476 734 512 metricus
762 476 822 519 42,

70 571 250 605 conuersio
275 570 362 605 caeli
386 569 439 611 72,
466 569 520 604 19.

70 616 260 651 conuiciari
285 615 387 650 deum
413 615 468 657 94,
494 614 549 652 12,

68 661 219 697 conuicii
245 672 364 696 mucro
383 661 459 702 107,
476 660 509 695 4.
534 670 645 704 neque
669 659 823 695 conuici-

136 718 196 741 um
222 707 348 741 rettuli
374 706 451 747 189,
479 706 511 741 6.

68 753 278 789 conuincere
304 753 411 786 absol.
436 751 491 794 29,
516 751 549 785 2.
579 750 635 794 91,
661 749 714 784 11.
745 750 821 791 108,

137 798 170 832 3.
197 797 272 832 122.
300 797 355 832 20.
384 797 460 838 130,
487 796 542 831 16.
568 796 645 838 133,
663 796 719 830 20.
745 795 821 837 148,

138 844 170 877 7.
196 843 272 884 177,
291 844 347 878 20.
365 842 583 877 conuinceris
603 842 725 876 docere
742 841 821 884 157,

137 890 169 924 3.
183 889 388 924 conuincere
401 888 594 932 corporales
608 887 650 922 de
663 887 820 932 incorpo-

138 935 283 969 ralitate
309 934 387 975 143,
413 935 444 968 5.
472 935 657 968 conuictus
674 934 821 977 prophe-

138 982 196 1014 tae
221 980 472 1014 testificatione
499 978 575 1021 141,
602 979 656 1012 12.

63 1027 167 1071 copia
209 1025 348 1060 dicendi
389 1028 447 1068 (ε
482 1025 631 1069 occasio)
673 1024 728 1067 21,
767 1024 820 1058 12.

137 1071 254 1106 utrius
279 1071 404 1105 malles
423 1071 493 1106 tibi
511 1070 650 1115 copiam
667 1070 820 1106 facerem

138 1117 214 1158 107,
253 1117 307 1151 26.
348 1127 376 1150 c.
412 1116 552 1150 dicendi
593 1117 652 1158 (=
676 1116 821 1151 ubertas

136 1164 339 1242 uerboissum)
363 1162 441 1205 182,
467 1162 521 1197 15.
559 1172 586 1196 c.
612 1161 821 1196 naeniarum

61 1254 241 1299 >copiosius
276 1254 459 1297 disputare
491 1253 569 1297 120,
596 1253 629 1287 5.
660 1263 689 1287 c.
715 1262 823 1296 agge-

136 1310 214 1334 rare
240 1299 435 1334 sententias
461 1298 538 1341 121,
564 1298 619 1333 20.
645 1308 673 1332 c.
698 1298 821 1332 infun-

136 1344 217 1380 dere
249 1344 449 1379 doctrinam
484 1344 563 1386 199,
596 1345 628 1380 9.
654 1354 682 1379 c.
707 1343 823 1379 adniti

136 1390 305 1425 scientiae
330 1389 409 1432 205,
435 1389 489 1424 20.

67 1446 185 1471 coram
234 1436 351 1480 posita
391 1435 446 1477 83,
486 1435 518 1469 2.
559 1433 821 1479 praesentaneis

138 1492 253 1516 coram
279 1481 584 1525 disputationibus
610 1481 687 1521 135,
715 1480 769 1517 13.

69 1526 194 1562 cordax
218 1526 322 1561 iudex
343 1526 402 1571 (=
414 1526 592 1567 cordatus)
619 1526 695 1569 171,
721 1526 776 1561 22.

69 1572 261 1617 corporales
285 1573 397 1607 nostri
414 1573 545 1607 saeculi
561 1572 727 1617 Epicurei
745 1572 821 1614 133,

138 1617 191 1654 15.
217 1619 261 1659 etl
288 1618 365 1660 141,
391 1617 446 1652 14.

69 1664 298 1708 corporaliter
323 1663 400 1705 110,
425 1664 456 1698 3.

65 1720 254 1754 corporate
291 1709 370 1750 106,
401 1709 433 1744 3.
471 1708 621 1753 spiritus
654 1709 717 1753 qui
741 1708 822 1744 istis

136 1756 311 1799 corporati
335 1756 421 1790 sunt
445 1755 499 1798 54,
527 1754 580 1789 14.
607 1755 727 1790 anima
746 1766 821 1789 cor—

135 1803 259 1845 porata
283 1801 337 1841 82,
362 1800 417 1834 21.

69 1857 310 1891 corporascere
334 1847 390 1890 59,
417 1846 469 1880 12.

60 1893 287 1936 >corpulentia
323 1892 449 1936 ingens
487 1891 541 1933 70,
580 1892 611 1926 7.
648 1902 821 1936 aquarum

135 1940 172 1972 et
186 1938 275 1972 aeris
289 1948 432 1981 corpora
445 1948 514 1972 non
528 1937 684 1972 eiusdem
698 1948 820 1982 corpu-

135 1983 278 2025 lentiae,
304 1984 403 2018 cuius
429 1985 483 2017 est
505 1984 601 2017 terra
627 1983 704 2026 149,
732 1984 786 2019 16.

69 2031 295 2073 corpulentus
321 2029 375 2071 76,
401 2028 454 2063 18.
482 2028 562 2071 174,
591 2030 623 2063 7.

63 2085 210 2119 corpus:
228 2085 371 2118 corpora
387 2074 574 2109 uerborum
592 2074 647 2109 21.
667 2074 721 2109 13.
738 2075 821 2109 lite—

138 2131 197 2155 rae
227 2131 349 2164 corpus
381 2120 436 2161 30,
469 2121 502 2155 3.
535 2140 574 2146 —
609 2131 734 2162 corpus
759 2132 820 2155 au-

138 2166 379 2200 thenticorum
411 2166 638 2201 uoluminum
664 2166 740 2208 143,
767 2166 822 2200 11.

137 2211 254 2291 {geris
279 2212 437 2246 uniuersi
468 2222 592 2256 corpus
617 2222 719 2246 omne
743 2211 820 2254 180,

71 2302 315 2346 corpusculum
342 2302 395 2344 76,
422 2302 475 2336 10.

71 2348 315 2393 corruptibilis
343 2348 399 2391 74,
428 2348 479 2382 19.

72 2394 355 2438 corruptibilitas
379 2394 433 2434 32,
460 2393 515 2428 12.

43 2466 45 2468 .
68 2440 248 2482 corruptio
273 2440 424 2483 corporis
449 2439 505 2481 80,
532 2438 586 2473 15.

72 2485 267 2564 cras3i2tuilg
277 2485 331 2527 67,
341 2484 394 2520 14.
406 2505 447 2510 —
457 2486 517 2528 (=
524 2484 784 2520 dickeMaterie
790 2485 820 2529 1³)

73 2575 110 2608 in
134 2585 248 2610 crasso
273 2575 382 2610 habet
405 2575 616 2611 tantundem
641 2575 696 2618 70,
721 2575 754 2610 2.

72 2622 222 2655 creatrix
252 2621 462 2665 magnitudo
494 2620 570 2664 112,
602 2621 635 2656 4.
668 2632 717 2657 cr.
741 2621 822 2656 sub-

141 2667 274 2701 stantia
298 2666 374 2704 193.
405 2666 459 2700 12.

66 2710 211 2746 eredere
235 2712 337 2746 deum
363 2712 417 2754 56,
444 2711 498 2746 10.
528 2712 822 2747 resurrectionem

142 2779 206 2815 XI.

1553 78 1638 121 225

954 204 1009 245 78,
1036 204 1090 238 17.
1115 204 1294 238 amicitiae
1313 204 1367 246 18,
1386 204 1416 238 7.
1443 216 1523 240 eum
1538 216 1635 242 nom.

952 260 1033 284 cum
1055 250 1126 292 inf.
1157 249 1211 290 91,
1238 249 1291 283 11.
1317 250 1394 292 173,
1418 252 1473 286 22.

884 294 1064 330 credibilis
1088 295 1141 335 66,
1167 294 1199 329 9.

886 340 1078 375 credulitas
1102 354 1147 370 =
1171 339 1254 374 fides
1279 340 1335 383 21,
1362 341 1414 377 14.

885 396 1063 429 creperum
1087 387 1150 419 aut
1175 385 1363 421 obscurum
1390 387 1466 429 143,
1498 391 1528 425 6.

886 430 1123 465 cubiculariae
1147 430 1407 473 disputationes
1433 434 1510 478 129,
1536 436 1589 470 17.

887 475 1053 511 cuborum
1077 476 1231 510 rationes
1256 476 1311 520 90,
1335 477 1367 510 2.

886 522 1024 556 cuiusce
1048 521 1146 556 modi
1172 521 1225 563 73,
1251 521 1283 555 2.
1308 522 1363 564 83,
1395 523 1448 559 16.

888 567 1026 602 culmen
1050 566 1295 611 philosophiae
1320 567 1398 610 204,
1424 568 1477 604 10.

887 612 1005 648 cultus
1029 612 1140 647 animi
1165 612 1243 654 203,
1271 612 1324 647 16.

887 668 965 693 cum
1005 668 1102 693 caus.
1143 669 1223 693 cum
1263 658 1394 694 indie:
1442 660 1516 699 siue
1556 672 1637 695 cum

955 703 1094 738 dierum
1119 703 1346 748 noctiumque
1375 704 1469 740 uices
1494 707 1637 741 uariant

957 749 1031 783 siue
1056 749 1139 793 quia
1163 749 1287 783 caloris
1309 761 1352 784 ac
1369 750 1513 795 frigoris
1530 752 1638 786 alter-

955 805 1001 828 no
1034 794 1115 829 fotu
1147 794 1320 829 mundum
1351 797 1553 840 temperant
1577 808 1638 832 seu

955 840 1050 884 quod
1098 865 1106 873 .
1121 865 1130 874 .
1160 839 1306 884 signant
1358 841 1414 875 uel
1465 843 1559 887 quod
1601 868 1632 876 ..

955 886 1132 920 aetherem
1158 886 1314 930 pingunt
1338 886 1415 929 149,
1440 887 1472 921 7.
1500 908 1537 913 -
1559 899 1638 923 cum

954 934 1103 975 tempor.
1128 941 1209 966 cum
1231 931 1432 968 comunem:
1461 933 1553 968 illud
1577 934 1639 968 ubi

956 978 1009 1011 ait
1035 976 1218 1012 dominus:
1244 977 1364 1021 ignem
1389 978 1470 1013 ueni
1494 980 1640 1014 mittere

955 1023 995 1056 in
1019 1023 1160 1066 terram,
1187 1033 1267 1057 cum
1292 1023 1334 1057 de
1360 1025 1482 1059 sancto
1508 1026 1639 1069 spiritu

956 1067 1088 1103 diceret
1111 1069 1165 1110 58,
1192 1068 1246 1102 23.
1278 1079 1358 1103 cum
1383 1069 1530 1105 Gabriel
1555 1072 1638 1105 ante

956 1114 1075 1148 oculos
1092 1114 1286 1149 dominicae
1298 1115 1425 1149 matris
1437 1115 1636 1158 adsisteret,

956 1159 1047 1194 illud
1070 1159 1108 1193 in
1133 1159 1296 1195 Gabriele
1321 1161 1434 1195 Maria
1450 1161 1546 1196 uidit
1563 1162 1638 1204 163,

954 1205 986 1241 5.
1011 1224 1058 1232 —
1082 1215 1163 1240 cum
1187 1206 1306 1240 tamen
1333 1205 1410 1248 184,
1435 1206 1467 1242 9.
1496 1206 1548 1242 10.

888 1250 964 1285 sine
988 1251 1215 1285 cunctatione
1241 1251 1317 1293 158,
1342 1251 1376 1286 4.

887 1296 1069 1340 cupidines
1095 1296 1378 1341 cupiditatesque
1403 1298 1480 1341 126,
1510 1299 1540 1335 1.

888 1353 971 1376 cura
994 1342 1199 1377 ambulandi
1226 1342 1303 1385 108,
1328 1343 1384 1379 20.

888 1388 1095 1423 curiositate
1120 1387 1269 1429 flagrare
1295 1388 1371 1431 120,
1399 1388 1457 1424 23.

887 1444 1023 1468 currere
1048 1434 1128 1467 iter·
1143 1434 1197 1475 25,
1226 1433 1260 1467 4.

888 1479 981 1514 cutis
1005 1479 1111 1524 grani
1135 1479 1252 1514 tritici
1278 1479 1331 1521 74,
1357 1480 1388 1514 7.

889 1599 1123 1652 Damnabnis
1147 1615 1202 1658 86,
1231 1615 1284 1650 14.
1308 1616 1363 1658 87,
1389 1616 1420 1650 6.
1448 1616 1523 1658 140,
1550 1617 1604 1652 18.

888 1666 987 1700 dare:
1029 1664 1114 1701 haec
1152 1675 1236 1698 uera
1276 1676 1382 1700 causa
1422 1666 1638 1701 ascensionis

959 1710 1102 1745 dabitur
1141 1710 1216 1752 147,
1249 1711 1304 1747 22.
1343 1710 1426 1746 dare
1457 1712 1639 1755 negotium

958 1757 1012 1799 18,
1044 1756 1076 1791 9.
1106 1757 1280 1791 rationem
1312 1757 1388 1798 150,
1413 1756 1467 1792 22.
1499 1758 1641 1792 ueniam

957 1802 1033 1844 157,
1069 1802 1101 1837 5.
1138 1802 1220 1836 dare
1251 1812 1287 1836 se
1314 1802 1459 1837 obuium
1497 1803 1574 1846 176,
1608 1803 1640 1838 2.

956 1858 1068 1891 neque
1100 1847 1167 1882 hoc
1198 1847 1397 1882 adulationi
1429 1848 1532 1883 detur
1561 1848 1638 1889 205,

955 1893 1047 1927 4.-—
1068 1893 1098 1926 si
1130 1903 1198 1927 non
1230 1893 1374 1929 daretur
1407 1893 1550 1938 agnosci
1583 1894 1640 1936 49,

956 1940 999 2018 ἑὲ
1030 1938 1138 2018 {atur
1166 1938 1331 1983 intellegi
1357 1938 1413 1981 57,
1444 1940 1477 1974 6.
1518 1940 1573 1982 62,
1608 1940 1638 1974 1.

1003 2010 1010 2026 ,
1083 2010 1091 2017 .

887 2030 1009 2066 datiuz·
1021 2040 1109 2065 usus
1125 2030 1264 2064 rarior:
1280 2029 1446 2073 congredi
1459 2029 1639 2064 Abraham

956 2085 1115 2110 sermone
1141 2074 1216 2116 170,
1238 2075 1290 2109 10.
1316 2075 1522 2119 opusculum
1539 2075 1640 2110 nobis

955 2131 1181 2165 congressum
1221 2121 1274 2162 19,
1310 2121 1343 2155 8.
1385 2120 1476 2155 radii
1511 2120 1640 2155 lumini

955 2169 1071 2201 extero
1096 2166 1281 2201 commixti
1304 2166 1359 2207 45,
1383 2166 1416 2200 9.
1440 2166 1637 2210 inmergere

956 2212 1639 2292 {33³⁶151⁷⁰Aisss²ant⁰133⁰fsissssffl11².-¹⁰¹?

1026 2283 1034 2298 v
1117 2282 1125 2290 ·
1561 2283 1569 2299 ν
1631 2285 1638 2292 ·

956 2303 1131 2337 dominari
1155 2303 1293 2347 corpori
1316 2302 1370 2344 56,
1397 2302 1429 2336 9.
1464 2303 1638 2346 suspirare

956 2348 1092 2393 patriae
1134 2348 1188 2390 77,
1232 2348 1285 2383 13.
1317 2366 1359 2371 —
1388 2347 1536 2382 datiuus
1575 2348 1639 2383 ubi

955 2394 1165 2439 yenetiuum
1181 2396 1379 2437 exspectes:
1403 2392 1543 2427 animae
1561 2403 1638 2428 cor-

956 2441 1101 2484 poratae
1141 2441 1194 2474 est
1234 2449 1294 2482 per
1344 2447 1467 2482 corpus
1507 2439 1639 2473 sentire

956 2495 1119 2528 corporea
1159 2483 1338 2528 eidemque
1380 2484 1454 2518 sine
1496 2494 1638 2528 corpore

956 2529 1078 2564 uidere
1109 2530 1312 2573 incorporea
1333 2528 1388 2570 82,
1414 2528 1469 2563 21.
1504 2549 1547 2554 —
1567 2540 1639 2573 pro

927 2607 929 2610 ,
957 2586 978 2610 a
1002 2585 1083 2610 cum
1106 2576 1193 2610 abl.:
1218 2574 1301 2609 aliis
1326 2574 1458 2609 ueritas
1476 2574 1639 2618 ignorata

957 2621 1006 2657 sit
1040 2621 1114 2662 129,
1151 2621 1182 2655 8.
1220 2619 1399 2664 quaesitus
1437 2619 1638 2655 aduersario

957 2665 1062 2702 testis
1089 2666 1164 2708 134,
1185 2665 1237 2701 14.
1263 2665 1383 2700 eadem
1400 2665 1469 2699 nisi
1487 2665 1641 2699 uiuenti·

957 2711 1024 2746 bus
1049 2711 1141 2747 adiri
1165 2721 1235 2745 non
1258 2721 1357 2755 posse
1375 2710 1450 2751 180,
1470 2710 1524 2746 11.
1550 2710 1640 2745 ima-

1462 2777 1506 2813 15
