1884 2998
623 79 682 114 De
705 79 834 114 statu
858 77 1032 114 animae
1056 77 1076 113 I
1100 78 1154 114 23.
1586 79 1643 122 83

139 205 314 256 tollitur,
346 204 408 247 ita
438 204 616 258 quodam
646 203 768 245 modo
800 214 1012 256 corporeos
1042 201 1194 245 deserit
1221 215 1364 246 sensus
1386 204 1438 247 ab
1459 204 1643 248 hisdem-

138 287 216 328 que
246 273 480 316 inlocaliter
511 271 709 323 abscedit,
740 273 789 313 ut
820 282 959 313 coram
991 270 1127 325 posita
1156 283 1239 314 non
1269 272 1422 327 uideat,
1454 274 1504 315 ut
1528 274 1643 316 iuxta

139 342 330 385 sonantia
373 353 456 383 non
496 340 653 391 audiat,
685 341 732 381 ut
763 350 1004 392 percursam
1039 340 1209 394 legendo
1238 340 1435 395 paginam
1465 354 1545 384 non
1575 341 1642 384 in-

139 411 323 465 tellegat.
373 410 493 452 adest
521 409 662 452 anima
691 410 740 449 ut
769 421 843 461 per
875 409 1041 450 oculum
1071 407 1292 450 literarum
1320 408 1440 463 signa
1473 410 1645 465 colligat

110 480 364 533 5eademque
395 480 438 520 in
468 477 646 532 syllabas
686 476 846 519 sociata
885 476 1107 530 coniungat
1145 488 1194 519 ac
1230 489 1303 530 per
1338 477 1464 520 uerba
1494 478 1643 520 distin-

139 548 256 602 guat,
289 548 331 589 et
360 558 439 589 non
471 546 590 588 adest
619 546 668 587 ut
698 545 799 599 quid
828 558 901 599 per
939 546 1040 588 haec
1070 544 1217 588 fecerit
1247 547 1364 589 sciat.
1414 546 1506 600 lego
1538 547 1644 589 clare

139 616 309 670 aliquid,
340 614 682 669 pronuntiantem
711 626 779 656 me
819 614 926 656 alter
961 613 1183 668 intellegit,
1245 615 1316 668 qui
1345 615 1389 657 in
1419 614 1463 657 id
1493 616 1644 658 mentis

139 685 308 727 oculum
339 683 444 738 figit,
477 696 551 738 ego
582 695 679 726 uero
710 683 799 736 ipse
830 683 930 737 quid
960 683 1134 739 legerim
1163 684 1315 738 nescio,
1346 684 1443 738 quia
1468 684 1510 726 in
1532 684 1646 727 aliud

139 754 279 796 anima
316 751 546 795 inlocaliter
586 751 752 794 intenta
792 751 995 795 discessit.
1046 751 1222 806 denique
1264 764 1361 794 cum
1402 754 1452 795 ad
1493 754 1646 795 memet

93 822 277 879 mipsum
306 821 375 863 uel
414 820 651 863 admonitus
690 821 821 870 redeo,
854 833 928 875 ego
968 821 1056 874 ipse
1093 834 1199 872 sum,
1233 820 1304 875 qui
1335 820 1478 875 utique
1509 822 1644 876 redeo,

141 895 182 934 et
214 903 288 946 ego
319 892 409 944 ipse
440 902 547 940 sum,
580 889 632 931 ad
664 901 786 942 quem
817 891 949 941 redeo,
992 891 1032 931 et
1063 902 1226 931 meeum
1256 901 1338 931 non
1368 889 1443 942 fui,
1477 890 1574 944 quia
1593 890 1645 932 ad

140 973 206 1002 me
250 972 324 1013 per
369 957 639 1001 interuallum
682 969 763 999 non
801 957 895 1009 loci,
941 957 1012 1000 sed
1051 957 1251 1012 temporis
1291 957 1408 1010 redii,
1451 959 1495 1001 et
1533 962 1647 1002 extra

139 1042 206 1071 me
236 1041 316 1071 non
347 1028 421 1079 fui,
454 1028 552 1082 quia
581 1029 666 1070 sine
698 1040 763 1069 me
795 1039 879 1069 esse
921 1039 1001 1069 non
1031 1027 1163 1081 potui.
1214 1027 1307 1082 ipsa
1335 1027 1430 1070 istic
1460 1027 1524 1069 est
1553 1027 1644 1069 ani-

140 1109 220 1148 ma,
262 1098 309 1139 ut
345 1109 416 1151 per
457 1097 625 1139 oculum
664 1108 767 1150 quae
806 1096 1004 1150 leguntur
1044 1096 1199 1150 uideat,
1250 1097 1290 1137 et
1320 1096 1410 1150 ipsa
1439 1095 1536 1138 istic
1565 1108 1644 1138 non

93 1183 126 1209 15
140 1167 215 1218 est,
255 1168 304 1208 ut
342 1178 444 1221 quae
485 1166 684 1220 leguntur
723 1164 956 1219 intellegat.
1009 1166 1082 1206 aut
1112 1177 1194 1207 11011
1225 1177 1344 1219 saepe
1381 1177 1460 1207 usu
1490 1164 1643 1214 euenit,

140 1238 187 1277 ut
219 1235 307 1277 siue
348 1237 514 1277 cuiusce
555 1235 669 1276 modi
706 1233 955 1276 lectionibus
996 1234 1359 1276 adcommodantes
1390 1233 1527 1276 uisum
1558 1235 1645 1276 siue

141 1305 333 1347 relationi
364 1304 593 1358 cuiuspiam
624 1303 867 1346 adhibentes
899 1303 1103 1352 auditum,
1136 1315 1231 1345 cum
1262 1303 1363 1345 haec
1394 1302 1537 1344 eadem
1566 1315 1646 1344 non

141 1374 280 1415 minus
311 1374 499 1427 intellegi
531 1385 655 1426 quam
685 1372 819 1414 uideri
850 1372 973 1426 atque
1004 1372 1139 1414 audiri
1160 1371 1411 1414 facillimum
1439 1372 1507 1423 sit,
1529 1373 1645 1413 utro-

141 1455 219 1497 que
256 1443 399 1484 tamen
437 1454 560 1484 sensu
600 1454 721 1484 sonos
759 1453 807 1483 ac
844 1442 963 1496 signa
1004 1443 1228 1495 capiamus,
1272 1454 1368 1484 cum
1407 1439 1507 1494 quid
1545 1439 1646 1481 haec

95 1528 129 1553 20
141 1513 281 1554 eadem
326 1511 562 1564 significent
601 1523 683 1553 non
722 1510 1050 1564 intellegamus?
1082 1513 1124 1552 et
1154 1512 1294 1553 tamen
1333 1522 1498 1552 rursum
1528 1510 1571 1550 in
1601 1508 1645 1549 id

142 1581 248 1634 quod
287 1579 547 1621 intellectum
586 1592 669 1621 11011
709 1580 799 1621 erat
837 1579 966 1621 animi
1011 1578 1234 1621 referentes
1265 1579 1459 1622 obtutum
1490 1578 1645 1631 absque

140 1651 228 1692 ulla
258 1649 337 1691 1100
366 1648 476 1691 1ᾱο111
506 1648 752 1691 difficultate
783 1648 1165 1703 conprehendimus.

212 1844 230 1877 1
262 1842 470 1887 hisdemque
500 1841 765 1878 AGGHMRS
788 1843 849 1886 (cf.
873 1840 1063 1885 indicem),
1104 1840 1284 1884 isdemque
1316 1840 1406 1881 BL,
1448 1839 1647 1884 eisdemque

141 1911 269 1955 DEF,
307 1912 505 1956 iisdemque
531 1910 688 1947 editores
826 1910 848 1944 2
878 1910 1033 1944 abscidit
1057 1908 1242 1944 BHLRS
1374 1908 1430 1953 ut]
1457 1909 1492 1942 et
1514 1909 1556 1952 ρ’

141 1983 164 2017 4
188 1982 240 2026 ut]
269 1982 305 2015 et
324 1981 371 2026 1⁹²
487 1980 639 2024 collegat
664 1980 700 2015 R
823 1980 845 2014 6
871 1979 1036 2014 defecerit
1055 1988 1084 2022 10
1208 1977 1228 2012 7
1252 1977 1506 2022 pronuntiante
1525 1988 1554 2021 p

141 2062 327 2106 intelleget
353 2061 383 2096 S
517 2042 602 2105 qunid
628 2060 672 2104 S,
712 2060 750 2095 in
775 2070 842 2096 om.
866 2059 945 2094 HL
1082 2059 1104 2093 8
1135 2058 1288 2102 legerem
1322 2057 1357 2091 A
1498 2057 1539 2092 13
1571 2058 1643 2091 ista

141 2130 339 2175 ABDFp²
480 2129 524 2164 14
554 2129 624 2163 ista
653 2128 851 2172 ABDFp²
991 2127 1033 2162 15
1057 2136 1129 2161 non
1154 2129 1239 2161 ante
1263 2124 1453 2170 intellegat
1476 2125 1647 2160 inserunt

139 2201 277 2235 codices
310 2202 463 2244 praeter
502 2197 568 2234 GS
595 2201 629 2233 et
660 2197 831 2240 editores,
872 2207 942 2253 non
978 2195 1019 2231 Ε
1153 2195 1230 2239 aut]
1269 2194 1315 2229 ad
1356 2193 1481 2236 GHR,
1523 2195 1561 2228 at
1600 2192 1645 2237 S,

140 2283 296 2325 fortasse
332 2292 377 2316 an
413 2279 639 2316 scribendum
796 2279 934 2323 saepius
971 2277 1052 2313 Sch.
1207 2286 1270 2310 uso
1313 2274 1471 2316 CHLR,
1520 2254 1647 2315 115118,

141 2351 208 2385 hoc
240 2349 319 2385 sch.
459 2349 558 2384 uenit
584 2360 613 2394 p
754 2348 797 2383 16
830 2348 904 2382 sibe
940 2347 1046 2383 C'HR
1184 2345 1329 2379 huiusce
1359 2342 1455 2377 modi
1484 2342 1555 2386 Dp

141 2441 393 2477 dilectionibus
427 2442 462 2477 R
602 2441 645 2475 17
676 2439 873 2484 cuiuspiam
902 2439 995 2480 Mb,
1031 2404 1190 2482 {iffpiam
1222 2436 1272 2478 D,
1312 2407 1452 2478 cu¹piam
1484 2432 1529 2475 F,
1572 2431 1646 2466 cui-

141 2511 237 2556 piam
260 2511 337 2546 rell.
364 2514 400 2546 et
425 2510 507 2546 Seh.
640 2509 802 2544 auditum
827 2518 894 2543 om.
920 2507 992 2542 Mb
1126 2515 1197 2540 non
1221 2503 1350 2547 minus]
1377 2502 1573 2537 comminus
1599 2500 1649 2534 M

140 2580 181 2615 in
204 2590 338 2625 mary„
380 2580 538 2615 cominus
564 2580 638 2614 tam
663 2578 683 2613 b
823 2576 865 2612 19
891 2586 998 2611 sonus
1023 2574 1088 2610 RS
