1884 2998
213 163 270 205 92
731 160 978 196 Claudiani
1003 162 1211 202 Mamerti

213 287 475 342 praeterit
498 287 629 329 enim
650 286 824 341 figura
844 288 995 330 11111113
1016 289 1209 330 mundi.
1231 289 1346 331 uides
1363 289 1610 343 etiamquod
1628 303 1721 332 cum

214 355 511 409 longitudines,
545 355 791 397 latitudines
823 357 865 397 et
893 356 1135 398 altitudines
1176 369 1390 410 corporum
1427 357 1533 399 scire
1563 358 1720 400 nullius

214 423 511 478 propemodum
542 424 597 466 sit
629 424 839 474 momenti,
871 424 973 466 satis
1006 436 1094 467 esse
1126 425 1254 475 aliud,
1289 425 1396 467 unde
1426 425 1527 467 dicit
1557 426 1721 479 aposto-

216 493 282 534 lus
313 497 498 545 oportere
539 504 613 534 nos
657 504 773 534 nosse
805 492 928 545 quid
960 494 1033 534 sit
1063 492 1302 535 latitudo
1334 494 1383 534 et
1413 494 1720 546 longitudo,

214 559 523 602 sublimitas
556 563 605 602 et
636 559 985 614 profundum?
1032 561 1132 614 quid
1163 562 1272 602 enim
1304 561 1408 603 mihi
1438 562 1620 614 proderit
1651 574 1722 603 us-
1752 576 1768 602 5

214 629 327 682 piam
371 628 636 670 altitudinem
678 629 862 682 corporei
905 628 1007 671 caeli
1048 641 1255 684 quaerere,
1288 631 1507 684 planorum
1538 629 1721 672 siderum

214 697 464 739 diastemata
513 698 581 739 uel
634 697 883 739 circulorum
933 698 1021 739 uias
1070 698 1138 739 uel
1188 698 1447 752 singulorum
1497 698 1722 740 interualla

214 766 376 816 rimari,
424 765 523 819 quid
572 767 710 820 spatia
754 767 886 808 terrae
932 778 1170 821 cognoscere
1215 767 1285 809 uel
1330 767 1467 820 abyssi
1518 766 1722 820 profunda

214 835 457 889 penetrare?
502 847 583 877 non
623 837 672 877 de
714 835 778 876 his
819 848 897 888 me,
940 835 988 877 ut
1027 847 1131 887 reor,
1170 836 1381 890 apostolus
1422 835 1722 878 commonitum

214 904 361 955 uoluit,
408 916 513 957 quae
558 915 638 945 non
679 904 812 945 solum
854 903 1059 946 laboriosa
1099 906 1209 955 sunt,
1250 904 1320 946 sed
1362 904 1488 946 etiam
1520 903 1642 945 noxia
1672 903 1718 955 si,
1736 920 1769 946 10

215 985 307 1015 cum
354 985 427 1027 per
466 972 566 1014 haec
607 973 659 1014 ad
701 974 864 1015 aeterna
904 985 1146 1027 semperque
1177 973 1389 1015 manentia
1418 973 1721 1015 transeundum

214 1041 284 1093 sit,
315 1042 358 1083 in
389 1042 453 1083 his
485 1042 703 1083 haereatur
734 1045 858 1096 atque
888 1043 1163 1085 remaneatur.

272 1121 495 1164 Reuertere
541 1134 652 1164 nunc
699 1124 821 1176 atque
867 1123 1027 1165 intuere
1077 1135 1196 1164 omne
1240 1124 1412 1175 longum
1457 1121 1720 1175 longitudine

215 1190 387 1244 longum
418 1190 521 1241 fieri,
554 1191 687 1244 ipsam
718 1203 815 1233 uero
846 1190 1148 1245 longitudinem
1179 1191 1347 1245 longam
1381 1190 1461 1233 dici
1485 1203 1567 1232 non
1589 1202 1720 1243 posse,

215 1261 263 1300 ut
293 1271 412 1301 omne
461 1261 618 1302 castum
668 1260 862 1302 castitate
903 1261 1063 1302 castum
1104 1260 1205 1310 fieri,
1248 1262 1381 1314 ipsam
1422 1272 1519 1302 uero
1563 1262 1720 1301 castam
1735 1275 1768 1301 15

215 1339 296 1370 non
329 1327 410 1370 dici
441 1329 653 1370 ullatenus
687 1329 937 1370 castitatem,
991 1341 1086 1370 011111
1118 1341 1214 1383 ergo
1237 1340 1395 1370 meram
1416 1328 1720 1382 longitudinem

214 1397 490 1450 contemplari
522 1398 637 1450 cupis
668 1399 740 1439 aut
765 1409 861 1439 011111
896 1398 938 1439 111
960 1398 1171 1452 trigonum
1194 1398 1261 1439 uel
1282 1397 1544 1452 hexagonum
1568 1396 1719 1438 mentis

215 1466 382 1507 oculum
427 1465 534 1520 figis,
581 1466 718 1519 proice
761 1467 963 1519 quantum
1005 1467 1120 1508 uales
1161 1478 1209 1509 ac
1265 1465 1408 1519 refuge
1464 1478 1545 1508 non
1586 1465 1721 1507 solum

215 1546 337 1576 omne
382 1546 638 1588 corporeum,
686 1536 755 1577 sed
802 1534 1002 1588 quidquid
1048 1535 1185 1576 simile
1226 1534 1362 1587 potest
1393 1545 1482 1576 esse
1513 1545 1718 1587 corporeo,

216 1604 258 1644 et
298 1615 391 1645 cum
432 1604 639 1657 trigonam
675 1603 743 1645 uel
783 1603 920 1645 tribus
950 1604 1116 1658 punctis
1148 1615 1195 1645 ac
1226 1602 1360 1644 tribus
1406 1603 1529 1644 lineis
1560 1603 1629 1644 uel
1658 1614 1720 1643 ro·
1734 1621 1767 1646 20

214 1671 389 1714 tundam
419 1674 571 1725 puncto
603 1672 670 1714 uel
701 1671 813 1714 linea
843 1672 1087 1714 conformari
1119 1671 1432 1725 incorporaliter
1463 1673 1587 1724 atque
1613 1670 1720 1711 inlo-

213 1740 360 1782 caliter
412 1740 576 1792 uideris,
637 1742 724 1782 uim
783 1753 942 1794 quoque
995 1752 1042 1783 ac
1089 1740 1483 1793 supereminentiam
1534 1740 1719 1792 conspice

214 1820 482 1850 numerorum
538 1810 580 1851 et
632 1809 827 1863 intellege
876 1809 1117 1851 uniuersum
1171 1820 1410 1862 corporeum
1460 1807 1720 1850 numerabile

213 1889 287 1930 per
330 1889 522 1919 numeros
567 1876 672 1928 fieri,
713 1878 822 1930 ipsos
865 1889 959 1919 uero
1002 1889 1194 1935 numeros
1235 1890 1316 1919 non
1344 1889 1463 1931 posse
1495 1876 1719 1919 numerari.

214 1957 313 1987 nam
354 1946 443 1998 quis
484 1957 564 1987 non
608 1945 742 1987 dicam
774 1945 922 1999 eloqui,
956 1945 1028 1987 sed
1060 1946 1243 1999 cogitare
1274 1946 1397 1999 digne
1429 1946 1580 1996 ualeat,
1613 1944 1767 1998 quod25

215 2025 424 2065 numerus,
457 2025 551 2056 cum
582 2026 629 2056 ex
660 2025 740 2056 uno
771 2015 812 2055 et
843 2027 915 2067 per
945 2027 1074 2056 unum
1106 2015 1147 2056 et
1177 2015 1222 2056 in
1251 2027 1332 2057 uno
1364 2014 1431 2063 sit,
1473 2012 1722 2067 principium

355 2162 372 2196 1
400 2162 419 2197 Ι
443 2162 520 2198 Cor.
548 2163 578 2205 7,
604 2163 648 2197 31
786 2162 809 2197 4
833 2162 961 2207 Ephes.
987 2162 1019 2205 3,
1048 2163 1090 2197 18

287 2300 306 2334 1
332 2298 426 2333 0111111
451 2309 517 2334 om.
541 2298 627 2333 libri
650 2302 798 2343 praeter
822 2298 871 2332 M
892 2301 927 2333 et
953 2298 1031 2333 Seh.
1170 2298 1191 2333 2
1224 2299 1260 2333 et
1284 2309 1350 2334 om.
1383 2297 1420 2332 R
1559 2297 1580 2332 3
1609 2296 1723 2331 satius

214 2357 309 2392 com'.
346 2356 526 2391 Barthius
754 2354 853 2389 aliud
890 2355 982 2389 unde
1016 2355 1179 2390 DEFM
1185 2356 1204 2389 b
1229 2355 1327 2397 Sela,
1376 2354 1518 2389 aliunde
1553 2355 1632 2389 rell.

214 2414 239 2449 4
274 2415 412 2459 oportet
446 2424 472 2457 p
611 2414 647 2447 et
683 2422 748 2447 om.
786 2412 822 2447 R
973 2412 994 2446 5
1031 2412 1234 2447 sublimitas
1269 2423 1335 2447 om.
1372 2411 1408 2446 B
1547 2411 1568 2445 6
1603 2411 1724 2456 plane—

215 2473 336 2506 tarum
376 2471 450 2514 (uel
486 2470 685 2514 planorum)
723 2471 758 2503 et
796 2468 950 2503 siderum
986 2469 1168 2504 Barthius
1329 2468 1572 2513 διαστήματος
1610 2468 1630 2503 b

218 2552 238 2586 7
263 2533 449 2586 interualli
464 2528 561 2585 rinari
587 2551 616 2586 S
753 2551 774 2585 9
806 2552 1061 2585 commoratum
1091 2551 1128 2587 R
1269 2551 1308 2586 11
1341 2561 1405 2595 pro
1434 2550 1465 2585 G
1602 2550 1644 2585 12
1668 2550 1723 2584 in-

216 2609 384 2655 hereatur
415 2608 525 2643 HLS
660 2609 769 2652 atque
796 2607 846 2642 M
865 2608 1031 2651 editores,
1074 2618 1114 2642 ac
1138 2607 1217 2642 rell.
1358 2608 1401 2642 15
1434 2617 1573 2642 omnem
1606 2607 1636 2641 S

216 2666 335 2711 ipsum
359 2665 524 2700 AH²LS
637 2667 772 2700 castum
798 2664 959 2699 AH2LS
1096 2664 1137 2698 17
1163 2674 1359 2708 exagonum
1383 2663 1469 2706 EG,
1510 2673 1721 2707 sexagenum

217 2722 518 2758 ABGHLMRS
532 2722 612 2757 Sch.
745 2722 788 2756 18
812 2721 971 2767 refugere
996 2721 1046 2756 M
1170 2721 1212 2756 19
1237 2731 1310 2755 0330
1335 2722 1452 2764 potest
1477 2720 1632 2755 editores

216 2780 260 2815 21
287 2780 506 2814 conformare
524 2790 571 2823 p,
613 2779 815 2814 confortare
837 2779 882 2823 2⁰²
1018 2778 1062 2813 26
1090 2777 1127 2811 in
1152 2787 1263 2812 unum
1287 2775 1585 2812 ABDE‘FHOE
