1884 2998
247 129 276 170 4
805 126 969 162 Fausti
994 125 1203 161 Reiensis

246 257 373 308 atque
419 254 638 307 argentum
684 252 846 303 dixeris,
895 264 977 294 non
1023 253 1170 295 statim
1215 252 1434 295 metallum
1482 253 1635 307 ipsum,
1685 254 1757 296 sed

245 321 409 364 metalli
447 320 650 363 uocabula
686 321 914 376 protulisti.
967 322 1121 363 etenim
1163 333 1311 363 aurum
1347 321 1463 363 aliud
1495 325 1557 365 est
1586 324 1631 364 in
1661 335 1756 377 pro-

245 392 421 445 prietate
466 389 644 443 generis,
692 389 805 431 aliud
851 390 895 431 in
940 389 1222 442 adpellatione
1267 389 1480 443 sermonis,
1533 390 1648 432 aliud
1691 392 1757 433 est

246 473 342 502 cum
372 458 478 501 illud
507 459 783 510 nominamus,
821 458 933 500 aliud
964 471 1059 500 cum
1091 460 1292 500 tenemus.

307 538 484 582 Genitus
516 539 558 580 01
588 538 797 592 ingenitus
828 537 1080 590 significatio
1102 541 1164 579 est
1185 538 1364 590 deitatis,
1388 550 1470 579 non
1499 539 1588 592 ipsa
1610 539 1752 590 deitas,
1786 554 1803 579 5

248 609 420 650 naturae
443 609 505 649 est
525 606 762 660 adpellatio,
797 619 877 648 non
903 609 1066 651 natura.
1118 606 1295 660 ingeniti
1326 607 1366 648 et
1386 607 1519 660 geniti
1540 620 1753 661 nuncupa-

246 678 306 719 tio
348 677 400 718 ad
440 676 515 718 1100
552 676 677 726 ualet,
718 676 765 717 ut
805 675 897 729 quis
929 688 976 716 ex
1007 687 1086 728 quo
1118 676 1317 717 subsistat,
1348 674 1570 729 intellegas
1603 678 1643 718 et
1675 689 1754 719 non

245 748 409 800 patrem
441 758 489 787 ex
518 744 617 794 filio,
650 744 719 786 sed
741 744 871 786 filium
897 756 943 785 ex
965 746 1083 796 patre
1107 756 1192 785 esse
1216 755 1450 797 cognoscas,
1497 744 1754 797 principium

248 827 295 857 ex
326 813 531 868 principio
563 816 603 854 et
635 826 765 855 unum
797 815 859 855 est
891 813 931 854 et
971 812 1091 854 initio
1130 813 1254 863 caret,
1289 825 1365 866 quo
1399 812 1520 854 modo
1550 813 1585 854 si
1616 814 1750 855 dicas:

247 883 346 925 deus
386 896 432 924 ex
472 883 559 934 deo,
600 895 681 925 non
719 885 859 925 tamen
900 882 978 924 duo
1019 882 1091 937 dii,
1124 883 1195 924 sed
1225 895 1331 924 unus
1366 881 1533 924 dicitur.
1587 884 1752 936 genitus
1770 899 1804 923 10

246 965 353 1006 ergo,
393 952 605 1004 ingenitus
646 955 688 994 et
729 964 777 993 ex
817 953 990 1005 utroque
1029 953 1250 1005 procedens
1291 964 1490 1005 personas
1537 951 1753 1005 indigitat,

245 1032 327 1063 non
367 1021 549 1062 naturas.
600 1021 797 1062 maiestas
834 1022 960 1072 enim,
1003 1033 1107 1074 quae
1146 1021 1256 1074 patri
1302 1023 1366 1062 est
1397 1021 1627 1063 indiscreta
1659 1033 1752 1062 cum

244 1089 332 1131 filio
372 1090 414 1131 et
455 1090 604 1143 spiritu
643 1091 798 1139 sancto,
841 1088 1043 1144 distingui
1088 1090 1323 1132 nominibus
1370 1091 1521 1142 potest,
1566 1090 1753 1132 ordinari

245 1158 439 1212 gradibus
469 1171 551 1200 non
581 1159 730 1212 potest.

302 1240 393 1281 Hoc
431 1240 521 1281 1000
560 1240 767 1293 praescius
808 1240 970 1292 oportet
1009 1239 1284 1280 intentionem
1323 1239 1476 1281 mentis
1514 1238 1751 1281 admoneas.
1769 1254 1803 1280 15

245 1308 352 1350 dicis
384 1308 578 1350 forsitan:
612 1308 709 1361 quia
740 1321 787 1350 ex
817 1308 890 1349 illo
923 1310 997 1359 est,
1030 1307 1235 1362 posterior
1261 1308 1335 1350 illo
1358 1310 1432 1350 est.
1480 1320 1557 1362 age
1578 1308 1630 1350 ad
1652 1307 1752 1350 haec

250 1376 516 1419 intellectum
574 1379 765 1418 nostrum
824 1376 1034 1429 aliquibus
1088 1377 1451 1430 conparationibus
1501 1376 1752 1418 nutriamus.

244 1446 463 1488 uideamus
503 1445 538 1488 si
577 1447 714 1499 aliqua
752 1458 817 1487 res
857 1458 904 1487 ex
942 1445 1024 1486 alia
1064 1445 1248 1495 exsistat,
1290 1457 1394 1498 quae
1429 1446 1570 1487 tamen
1602 1446 1675 1487 illa
1707 1458 1754 1486 ex

245 1526 326 1568 qua
362 1514 526 1556 exsistit
565 1527 646 1556 non
677 1515 734 1556 sit
765 1514 902 1556 aetate
931 1514 1142 1568 posterior.
1193 1515 1309 1556 uerbi
1341 1514 1478 1569 gratia
1509 1514 1585 1555 hoc
1614 1515 1751 1568 ipsum

245 1583 322 1625 filii
365 1596 516 1625 nomen
556 1596 603 1625 ex
640 1583 772 1638 patris
812 1582 991 1625 deriuari
1037 1583 1202 1624 nomine
1248 1584 1443 1633 creditur,
1491 1595 1564 1624 1100
1609 1584 1751 1624 tamen
1765 1597 1801 1622 20

244 1653 449 1706 posterius
487 1652 714 1702 inuenitur,
755 1652 854 1706 quia
884 1652 967 1694 nisi
1006 1652 1086 1694 iste
1126 1654 1381 1701 nasceretur,
1419 1655 1535 1706 pater
1566 1651 1638 1693 1110
1671 1663 1751 1693 non

245 1721 465 1764 diceretur,
517 1733 610 1763 0000
641 1734 803 1772 nomen,
837 1723 945 1775 quod
974 1721 1166 1763 absolute
1199 1732 1395 1763 coaeuum
1427 1721 1492 1762 illi
1524 1723 1587 1763 est
1617 1734 1640 1763 a
1671 1733 1750 1774 quo

246 1791 319 1844 est,
352 1792 394 1832 et
424 1803 518 1832 cum
549 1789 661 1831 filius
685 1803 733 1832 ex
753 1792 870 1843 patre
891 1789 961 1841 sit,
983 1791 1091 1843 patri
1114 1802 1263 1832 nomen
1284 1789 1395 1831 filius
1418 1789 1541 1831 facit:
1569 1790 1754 1844 adquirit

243 1858 421 1914 genitori
452 1858 700 1901 uocabulum
731 1857 899 1912 pietatis
929 1870 1104 1911 persona
1129 1858 1350 1900 nascentis,
1398 1870 1493 1900 011111
1515 1859 1590 1901 hoc
1611 1872 1657 1900 ex
1679 1858 1752 1900 illo

244 1929 312 1977 sit,
352 1939 426 1969 1100
464 1927 541 1970 1100
577 1929 782 1981 posterius
820 1939 896 1969 nec
934 1927 1048 1969 aliud
1085 1928 1284 1980 probatur
1324 1926 1550 1981 antiquius,
1582 1929 1624 1969 et
1655 1940 1749 1969 cum
1765 1943 1802 1968 2⁵

243 1996 405 2038 brachii
444 1995 609 2037 nomine
647 1995 757 2038 filius
797 2009 845 2038 ex
885 2008 1054 2050 operum
1089 1996 1321 2053 uirtutibus
1354 1999 1630 2051 nuncupetur,
1663 2009 1752 2038 0000

242 2064 459 2109 brachium
483 2065 668 2119 procedit
698 2077 746 2106 ex
778 2078 957 2120 corpore,
991 2068 1032 2107 et
1063 2066 1203 2107 tamen
1234 2065 1391 2108 brachii
1423 2067 1539 2108 aetas
1571 2066 1751 2119 corporis

243 2145 327 2175 non
366 2135 584 2187 praecedit.
634 2134 809 2176 uerbum
849 2147 896 2176 ex
936 2146 1037 2176 uoce
1075 2134 1297 2187 profertur,
1331 2135 1373 2176 et
1404 2137 1543 2177 tamen
1576 2146 1671 2176 cum
1703 2147 1751 2176 ex

312 2327 334 2360 2
365 2326 498 2361 etenim
530 2326 716 2368 canisius,
766 2326 861 2362 0111111
892 2327 927 2361 Ζ
1069 2327 1091 2362 3
1123 2327 1339 2371 apellatione
1369 2327 1405 2361 Z
1545 2327 1567 2362 6
1598 2329 1752 2367 naturae

242 2389 392 2433 scripsi,
438 2391 567 2424 natura
602 2389 638 2424 Z
652 2389 841 2430 Ganisius;
883 2391 1044 2425 correxit
1084 2391 1416 2435 interpunctionem
1454 2390 1496 2424 in
1532 2390 1752 2425 editionibus

236 2452 394 2497 pessime
414 2453 669 2497 perturbatam
695 2453 890 2488 Hartelius
1029 2454 1051 2488 8
1081 2455 1219 2498 patrem
1253 2453 1287 2487 Z
1423 2453 1463 2487 11
1499 2453 1684 2498 ingenitus
1715 2455 1752 2487 et

243 2525 283 2549 ex
308 2518 457 2560 utroque
487 2516 637 2560 scripsi,
685 2517 721 2551 et
745 2516 931 2561 ingenitus
956 2518 992 2550 et
1017 2526 1056 2550 ex
1085 2517 1236 2561 utroque
1265 2515 1452 2558 Canisius‚
1500 2517 1536 2550 et
1567 2515 1750 2560 lngenitus

244 2587 283 2611 ex
307 2579 460 2622 utraque
485 2577 533 2619 Z,
582 2579 778 2623 ingenitus,
804 2589 843 2613 ex
867 2580 1019 2623 utroque
1044 2579 1190 2614 mauult
1213 2578 1406 2614 Har-telius
1546 2578 1588 2612 15
1616 2579 1752 2622 oportit

242 2634 278 2669 Z
407 2634 451 2668 16
475 2644 561 2679 aege
585 2635 621 2669 Z
753 2636 797 2671 18
821 2646 861 2670 ex
885 2635 969 2680 alia]
996 2635 1102 2670 exilia
1126 2636 1162 2670 Z
1290 2646 1357 2680 que
1382 2634 1418 2669 Z
1544 2635 1600 2670 illi
1626 2636 1662 2669 Z

242 2690 288 2725 20
313 2690 391 2725 filil!
414 2690 449 2724 Z
562 2691 711 2726 diriuari
736 2692 771 2727 Z
883 2692 928 2727 24
952 2702 1118 2737 personae
1143 2693 1156 2727 l
1271 2692 1316 2727 27
1341 2703 1466 2737 corpus
1489 2692 1659 2728 Canisius

242 2748 288 2783 28
312 2747 470 2792 precedit
492 2748 527 2782 Z
