1884 2998
298 128 383 171 192
813 124 1057 160 Claudiani
1081 123 1287 159 Mamerti

295 252 430 306 ipsius
481 251 539 293 rei
583 249 787 304 imagines
837 247 1100 305 <tam)quam
1144 261 1218 302 per
1264 261 1407 292 sensus
1454 251 1645 304 corporis,
1692 250 1798 304 quod

294 319 445 375 vdirigit
474 317 685 369 memoria,
732 318 775 360 in
805 317 973 360 auribus
1018 317 1275 368 intromittit,
1316 330 1363 360 ac
1393 318 1501 361 sicut
1531 318 1796 373 loquentibus

297 387 419 430 nobis
450 387 746 441 intellegimus,
784 389 825 428 et
856 385 1067 428 absentias
1099 398 1236 428 rerum
1268 387 1308 429 et
1337 386 1542 442 imagines
1573 389 1798 430 memoriae

298 458 495 510 retentas,
537 467 631 496 cum
668 455 863 497 uoluntas
904 453 1044 505 fuerit,
1078 454 1323 509 cogitamus.
1376 457 1447 498 sed
1478 456 1628 510 duplex
1657 468 1797 497 rerum

300 526 472 567 natura:
505 523 548 565 et
579 523 801 578 corporalis
831 523 963 577 igitur
993 525 1034 564 et
1065 523 1306 576 spiritualis.
1354 524 1485 566 omnis
1517 525 1665 578 quippe
1687 536 1799 566 crea·
1829 538 1845 562 5

299 595 395 634 tura
423 593 494 634 aut
525 591 695 645 spiritus
726 593 797 633 aut
828 603 973 645 corpus
1005 591 1079 633 est.
1126 592 1349 645 corporalia
1379 592 1539 635 scilicet
1560 606 1632 646 per
1653 603 1798 646 corpus

292 660 515 711 sentimus,
560 659 863 702 intellectualia
912 660 1126 703 intellectu
1175 661 1438 715 percipimus.
1500 674 1595 717 ergo
1641 662 1799 703 duobus

298 730 431 771 modis
471 730 673 782 quantum
704 728 748 770 in
778 728 857 770 hac
888 729 976 770 uita
1007 730 1127 772 datur
1162 730 1295 771 omnis
1335 730 1394 771 rei
1432 730 1608 772 habetur
1639 728 1800 772 notitia.

295 797 400 852 quid
439 798 494 839 sit
525 808 633 851 ergo,
675 798 782 850 quod
813 796 964 839 dicitur
1006 798 1088 839 tria
1119 810 1205 840 esse
1237 811 1387 853 genera
1417 799 1716 853 quaestionum,
1750 810 1800 840 an

298 866 368 917 sit,
401 865 500 920 quid
530 865 599 916 sit,
631 865 753 919 quale
783 865 871 907 sit?
902 877 972 907 cur
1005 877 1156 919 quaeso
1189 866 1356 920 dicitur,
1389 880 1441 910 an
1463 867 1530 919 sit,
1554 879 1648 909 cum
1669 867 1801 908 omnis
1816 880 1848 905 ιο

302 934 453 977 notitia
497 947 585 976 rem
631 936 849 976 ostendens
895 935 1214 990 ambiguitatem
1254 935 1377 978 tollat
1417 937 1459 977 et
1497 935 1689 977 dubitare
1720 946 1801 977 non

298 1002 441 1045 sinat?
474 1003 543 1044 sed
569 1014 644 1056 ego
675 1003 774 1056 puto
806 1002 866 1044 ita
896 1003 1079 1056 positum
1111 1016 1198 1046 esse
1219 1004 1294 1046 hoc
1315 1004 1570 1058 ambiguum,
1603 1004 1699 1057 quia
1721 1014 1800 1045 non

298 1072 440 1114 omnia
477 1072 802 1114 substantiarum
844 1074 955 1124 sunt,
997 1073 1067 1115 sed
1098 1073 1360 1126 reperiuntur
1390 1074 1538 1127 aliqua,
1570 1084 1675 1126 quae
1705 1083 1801 1125 pro-

298 1140 491 1183 bationes
531 1152 671 1182 earum
712 1140 946 1182 ostendunt.
1001 1141 1118 1183 uerbi
1156 1153 1276 1183 causa
1308 1141 1344 1182 si
1374 1142 1621 1195 requiratur,
1659 1141 1800 1182 utrum

299 1210 455 1252 bonum
501 1209 734 1252 substantia
779 1211 841 1251 est
887 1223 937 1252 an
982 1222 1077 1262 non,
1110 1212 1400 1264 respondemus
1446 1222 1526 1252 non
1568 1221 1656 1251 esse
1701 1207 1847 1251 sub-15

298 1278 513 1330 stantiam,
565 1278 635 1320 sed
684 1278 961 1331 priuationem
1013 1280 1128 1322 mali.
1189 1280 1296 1321 recte
1340 1280 1448 1321 enim
1499 1278 1710 1332 quaeritur
1755 1277 1800 1318 in

291 1347 538 1400 ‘quaestione
576 1345 722 1400 prima,
763 1346 904 1387 utrum
941 1357 1087 1401 corpus
1120 1347 1175 1388 sit
1206 1360 1257 1388 an
1290 1346 1474 1400 spiritus,
1509 1350 1550 1389 et
1580 1347 1625 1388 in
1655 1346 1799 1388 subse-

296 1416 449 1469 quente
494 1415 731 1468 requiritur,
780 1415 900 1469 quale
948 1415 1015 1470 sit,
1066 1415 1205 1457 utrum
1251 1427 1398 1469 corpus
1439 1416 1617 1458 animale
1656 1415 1712 1457 sit
1747 1426 1799 1457 an

294 1484 528 1538 spirituale,
580 1484 748 1537 spiritus
799 1482 1017 1525 rationalis
1067 1496 1120 1526 an
1169 1483 1444 1526 inrationalis.
1503 1486 1612 1527 recte
1672 1484 1801 1539 igitur

298 1552 473 1595 definita
517 1555 614 1594 sunt
659 1553 741 1594 tria
780 1565 868 1594 esse
908 1565 1061 1607 genera
1099 1553 1402 1606 quaestionum,
1443 1553 1492 1595 de
1531 1553 1678 1608 quibus
1716 1553 1799 1594 iam
1814 1569 1848 1594 20

298 1622 403 1664 satis
449 1621 642 1673 breuiter,
678 1623 725 1664 ut
765 1622 955 1673 arbitror,
1004 1621 1196 1663 diximus.
1248 1634 1357 1664 nuno
1404 1621 1533 1664 etiam
1579 1621 1797 1664 uideamus

298 1691 400 1746 quot
429 1702 581 1743 genera
611 1693 706 1733 sunt
748 1703 973 1745 corporum.

356 1770 553 1824 Quamuis
594 1772 918 1814 innumerabiles
958 1772 1112 1826 species
1157 1771 1231 1814 sub
1274 1784 1315 1813 se
1353 1770 1516 1822 habeat,
1550 1769 1634 1812 tria
1662 1772 1799 1812 tamen

347 1964 364 1999 1
392 1964 573 2009 tamquam
597 1963 749 2008 scripsi,
788 1966 857 2008 qua
884 1963 941 2006 M,
980 1973 1067 2008 quas
1092 1963 1247 1999 editores
1379 1962 1533 2007 eorporis
1557 1961 1604 2007 qd
1628 1962 1689 2003 M,
1729 1971 1802 1996 cor-

298 2033 462 2077 porisque
488 2043 517 2077 p
656 2032 677 2066 2
710 2032 876 2075 memorie
907 2032 968 2074 M,
1005 2042 1096 2066 corr.
1129 2032 1149 2067 b
1288 2022 1341 2067 sit
1373 2032 1434 2074 M,
1477 2031 1527 2065 sic
1559 2030 1711 2065 editores

298 2094 414 2126 totum
447 2089 680 2125 enuntiatum
711 2090 763 2124 sic
795 2088 1089 2124 constituendum
1119 2092 1236 2124 censet
1274 2089 1356 2125 Car.
1389 2088 1637 2123 Schenkelius:
1677 2097 1802 2121 nomen

298 2158 384 2192 ergo
418 2147 533 2182 dixere
565 2147 710 2191 priores,
744 2146 836 2190 quod
866 2156 939 2180 rem
971 2147 1092 2181 notam
1122 2146 1243 2181 faciat.
1285 2145 1378 2191 quod
1403 2145 1514 2190 ipsius
1539 2145 1592 2179 rei
1616 2145 1801 2189 imagines,

294 2215 388 2249 quas
421 2214 481 2249 per
506 2214 629 2238 sensus
655 2204 809 2248 corporis
835 2203 957 2248 [quod]
983 2203 1126 2248 dirigit,
1160 2204 1329 2238 memoria
1359 2204 1395 2237 in
1421 2203 1565 2237 auribus
1590 2201 1803 2236 intromittit

299 2296 340 2320 ac
364 2286 456 2319 sicut
480 2285 709 2330 loquentibus
734 2284 836 2319 nobis
862 2284 1119 2329 intellegimus,
1146 2285 1181 2318 et
1199 2284 1465 2329 ...cogitamus
1582 2284 1604 2318 5
1628 2282 1754 2327 igitur]
1778 2259 1802 2326 g

299 2354 353 2396 M,
391 2364 457 2388 om.
476 2352 631 2388 editores
747 2341 880 2397 spii-{lis
898 2353 946 2387 M
1059 2343 1106 2397 (ᾗ)
1124 2352 1174 2386 Μ
1285 2353 1305 2387 6
1327 2345 1384 2387 ‘ut
1401 2353 1448 2386 M
1462 2353 1474 2396 (
1477 2351 1605 2396 priore
1621 2352 1710 2395 loco)

299 2412 321 2446 9
346 2410 431 2455 quid
446 2411 587 2455 scripsi,
625 2409 718 2454 quod
741 2410 789 2444 M
806 2409 961 2445 editores
1076 2411 1125 2444 sit
1149 2410 1205 2452 M,
1241 2410 1296 2444 est
1321 2409 1562 2452 Schenkelius,
1601 2419 1651 2443 an
1676 2409 1737 2453 qui
1763 2408 1804 2443 fit

297 2491 528 2526 scribendum
544 2490 563 2526 .2
689 2491 733 2526 12
757 2471 780 2524 fi
808 2490 856 2524 M
982 2490 1025 2524 13
1050 2470 1231 2534 {bacionis
1257 2489 1306 2524 M
1443 2489 1483 2523 16
1508 2489 1748 2533 priuationem
1773 2489 1803 2531 b,

299 2559 460 2603 priuacio
497 2559 546 2593 M
682 2558 724 2593 17
759 2558 899 2602 questio
932 2561 950 2592 ἔ
987 2559 1034 2593 M
1170 2558 1215 2593 23
1251 2558 1471 2593 sententiam
1496 2568 1519 2591 a
1553 2558 1716 2601 quamuis
1747 2557 1804 2591 iri-

291 2616 491 2659 -eipieritem
526 2626 606 2650 cum
641 2615 806 2659 sequenti
842 2615 1032 2650 enuntiato
1069 2615 1140 2650 tria
1175 2617 1297 2649 tamen
1328 2614 1516 2656 coniunxi,
1554 2624 1635 2648 cum
1666 2616 1803 2648 antece-

298 2672 466 2707 dentibus
490 2673 649 2717 iunyunt
674 2673 840 2714 editores,
867 2681 954 2716 quos
977 2672 1010 2707 si
1034 2672 1134 2716 sequi
1158 2671 1227 2713 uis,
1252 2671 1455 2706 ‘necessaria
1479 2673 1572 2705 certe
1597 2673 1648 2705 est
1674 2669 1803 2704 Scheri-

292 2730 386 2765 Jcelii
412 2729 615 2765 emendatio
643 2730 797 2764 habeant
820 2730 1014 2765 scribentis
