1884 2998
604 76 665 110 De
689 76 819 111 statu
841 76 1016 112 animae
1039 77 1059 113 I
1085 77 1138 114 12.
1569 82 1626 124 55

115 199 223 242 illud
266 200 370 253 quod
407 200 618 253 apostolus
659 199 781 242 dixit:
823 201 873 242 et
903 212 1115 256 corpora
1145 202 1405 247 caelestia
1436 207 1489 247 et
1519 217 1626 248 cor-

115 279 239 322 pora
269 267 590 319 terrestria,
630 268 872 310 utrumnam
904 269 954 311 de
984 270 1142 323 angelis
1178 282 1230 312 an
1260 271 1310 313 de
1340 271 1543 314 sideribus
1574 285 1629 315 an

120 335 223 392 <de>
256 336 432 379 terrenis
464 336 698 390 quibusque
719 336 970 390 corporibus,
992 339 1041 380 de
1062 337 1213 392 quibus
1234 351 1316 381 11011
1337 342 1400 382 est
1422 341 1625 394 quaestio,

116 404 311 460 intellegi
350 406 542 457 uoluerit,
585 418 632 447 ex
673 406 1018 461 consequentibus
1058 407 1288 460 adparebit.
1340 409 1628 452 indisiunctim

89 486 297 528 5namque
317 487 411 517 mox
432 473 562 517 adicit
582 486 631 517 ac
653 474 775 517 dicit:
799 475 909 517 alia
939 476 1264 518 caelestium
1294 477 1487 531 gloria,
1519 478 1630 521 alia

118 545 291 585 autem
322 543 676 585 terrestrium.
725 543 767 584 et
797 556 901 597 quae
929 544 1012 586 ista
1042 544 1237 587 caelestia
1275 546 1411 587 essent
1448 557 1628 599 corpora,

117 612 168 653 ut
214 611 429 654 euidenter
473 610 729 653 ostenderet:
775 613 903 664 alia,
950 612 1098 666 inquit,
1139 613 1361 655 claritas
1400 613 1536 656 solis
1581 617 1631 655 et

120 679 229 722 alia
288 679 514 722 claritas
574 680 731 738 lun-ae
795 681 845 723 et
904 680 1012 723 alia
1066 681 1288 723 claritas
1339 682 1630 726 stellarum.

121 748 292 790 stella
341 748 480 790 enim
532 747 591 790 ab
642 749 810 791 stella
864 749 1062 791 differt
1110 749 1163 791 in
1207 750 1393 804 gloria.
1455 752 1530 792 ita
1580 753 1633 792 et

75 817 449 861 xoresurrectio
481 819 817 869 mortuorum,
850 818 1025 860 eandem
1055 818 1216 860 scilicet
1247 819 1407 870 docens,
1441 831 1545 873 quae
1566 821 1630 861 est

120 885 167 926 in
212 884 396 927 siderum
442 886 643 939 qualitate
688 886 977 940 discrepantia,
1024 887 1363 930 resuscitatorum
1409 899 1630 941 corporum

121 954 208 996 fore
239 966 313 1007 pro
345 954 591 996 meritorum
622 954 868 997 diuersitate
907 955 1164 998 distantiam.
1216 956 1283 998 hic
1311 955 1457 1009 utique
1478 955 1634 1009 absque

122 1022 318 1076 ambiguo
364 1022 506 1065 doctor
551 1024 741 1077 gentium
786 1023 836 1065 de
882 1023 971 1066 sola
1013 1023 1314 1066 resurrectione
1357 1023 1633 1066 humanorum

123 1103 342 1145 corporum
373 1091 591 1145 disputans
623 1092 746 1134 huius
766 1091 881 1134 modi
902 1092 1266 1146 conparationibus
1289 1104 1386 1134 usus
1408 1093 1483 1134 est.
1535 1102 1633 1133 nam

76 1160 185 1206 15sic
216 1172 381 1202 causam
401 1160 482 1203 loci
505 1161 628 1202 huius
650 1161 906 1216 ingreditur:
939 1160 1076 1203 dicit
1107 1161 1330 1214 aliquis,
1362 1171 1456 1214 quo
1487 1161 1632 1201 modo

122 1230 406 1282 resurgent
445 1229 672 1271 mortui?
718 1229 861 1283 quali
909 1230 1079 1272 autem
1121 1241 1335 1283 corpore
1381 1241 1438 1271 ue
1454 1227 1634 1270 nient?

124 1300 166 1340 et
197 1299 249 1342 ab
279 1298 356 1340 hoc
386 1297 472 1340 loco
503 1310 632 1352 usque
664 1298 715 1340 ad
745 1298 871 1340 istam
904 1299 953 1340 de
983 1297 1190 1341 sideribus
1222 1298 1559 1352 conparationem
1588 1295 1632 1337 id

125 1366 265 1420 ipsum
297 1367 387 1409 sine
417 1367 591 1409 alterius
614 1367 859 1421 cuiusquam
881 1380 1027 1410 causae
1063 1367 1349 1410 interiectione
1372 1365 1634 1421 persequitur

125 1436 290 1478 nullam
321 1435 475 1478 faciens
508 1437 558 1478 de
589 1437 728 1478 anima
757 1436 1024 1487 mentionem,
1057 1450 1107 1478 ne
1133 1436 1288 1478 scilicet
1309 1436 1431 1488 illud,
1454 1435 1562 1489 quod
1584 1434 1634 1476 de

77 1503 223 1548 zosolis
278 1505 453 1546 lunaeue
507 1504 816 1559 stellarumque,
873 1517 1089 1558 corporum
1143 1504 1325 1557 profecto
1377 1503 1633 1551 caelestium,

126 1572 374 1614 differentiis
405 1573 615 1624 disseruit,
652 1585 796 1616 scaeuo
828 1573 936 1615 forte
966 1573 1119 1615 iudicio
1149 1573 1199 1615 de
1229 1571 1447 1614 animabus
1477 1571 1636 1613 dictum

126 1640 302 1695 quisque
332 1642 522 1684 sentiret.

268 1801 286 1836 1
324 1800 343 1835 I
369 1801 446 1836 Cor.
480 1801 533 1842 15,
565 1800 611 1835 40
773 1801 795 1836 5
831 1799 966 1835 ibidem
1126 1799 1146 1833 7
1184 1799 1203 1834 I
1234 1799 1311 1834 Cor.
1345 1799 1399 1840 15,
1431 1798 1475 1833 41
1494 1808 1544 1842 sq.

129 1858 174 1893 15
205 1858 225 1893 I
249 1857 327 1894 Cor.
355 1859 408 1900 15,
434 1858 481 1892 35

198 2006 221 2040 2
252 2006 295 2040 de
319 2009 404 2041 ante
429 2005 607 2040 sideribus
640 2015 704 2040 om.
739 2004 770 2040 S
903 2005 925 2039 3
957 2004 999 2038 de
1024 2007 1109 2039 ante
1137 2004 1289 2038 terrenis
1320 2003 1405 2038 add.
1430 2002 1637 2044 Hartelius,

129 2073 196 2099 om.
234 2063 320 2098 libri
458 2063 612 2107 corporis
648 2062 683 2097 R
825 2062 848 2096 4
884 2062 934 2106 ex]
973 2062 1008 2095 et
1043 2061 1077 2096 R
1214 2060 1472 2095 indisiunctum
1514 2060 1546 2095 G

129 2121 152 2156 6
186 2120 253 2155 illa
290 2119 370 2155 Sch.
511 2120 530 2154 7
567 2119 890 2154 alia—stellarum
925 2129 991 2153 om.
1029 2118 1065 2153 R
1202 2118 1223 2152 9
1261 2128 1281 2152 a
1319 2117 1353 2153 G
1486 2116 1637 2162 gloriam

132 2178 232 2221 Sela„
280 2177 419 2222 glorias!
456 2177 493 2213 R
677 2177 720 2211 11
758 2176 1038 2220 discrepantiam
1074 2175 1122 2209 M
1129 2175 1149 2210 b
1323 2175 1637 2209 resuscitantorum

131 2248 196 2292 M,
237 2246 565 2282 resuscitandorum
590 2246 611 2281 b
752 2245 794 2279 12
818 2245 962 2288 utrique
986 2244 1154 2286 ABHL,
1195 2243 1374 2287 utrimque
1397 2241 1551 2277 DEFP

133 2307 177 2341 15
202 2305 295 2340 dicet
319 2305 373 2340 1)ι
513 2304 556 2339 16
581 2303 703 2348 qualill
727 2302 763 2338 R
903 2303 945 2337 17
970 2302 1062 2347 loco]
1087 2301 1165 2336 ideo
1189 2300 1274 2335 add.
1304 2300 1337 2335 G
1465 2299 1511 2334 20
1534 2299 1639 2332 lunae

131 2363 189 2397 uel
213 2362 398 2405 FMR¹b‚
437 2362 543 2396 lunae
568 2361 696 2396 omisso
721 2371 764 2394 ue
796 2359 972 2395 Gallomd.
1111 2358 1297 2393 stellarum
1322 2367 1411 2401 quae
1436 2357 1456 2391 b
1595 2354 1637 2388 dc

132 2422 218 2454 ante
255 2429 443 2463 corporum
479 2418 565 2453 add.
597 2420 641 2463 10²
787 2427 971 2461 corporum
1007 2426 1074 2451 om.
1111 2416 1148 2451 R
1290 2413 1461 2458 profecto]
1501 2411 1637 2447 scilicet

133 2476 211 2511 Sch.
352 2476 396 2510 21
429 2475 627 2510 differentis
658 2475 695 2510 R
834 2484 934 2508 sceuo
971 2472 1210 2513 GHLMRS,
1259 2481 1364 2505 saeuo
1395 2470 1487 2512 rell„
1536 2469 1637 2504 laeuo

132 2534 229 2569 coni.
261 2533 445 2568 Barthius
581 2532 626 2567 22
658 2532 844 2577 quisquam
877 2531 969 2566 coni.
1002 2530 1196 2572 Barthius,
1228 2527 1273 2570 ef.
1306 2528 1368 2562 lin.
1401 2530 1424 2562 3
1561 2535 1637 2560 sen-

134 2590 233 2635 tiret]
260 2591 363 2635 putet
382 2592 428 2634 1⁹²
