1884 2998
681 131 926 177 Epistulae
950 132 1069 167 duae.
1543 134 1625 177 2οῙ

128 260 171 300 at
202 268 298 299 uero
327 257 371 299 in
393 256 508 299 libris
530 255 614 298 tuis
635 256 720 298 iam
741 255 848 297 illud
870 256 990 309 quale
1012 258 1087 305 est,
1117 257 1224 310 quod
1247 260 1287 300 et
1307 259 1628 301 teneritudinem

127 338 380 380 quamquam
423 325 662 367 continuata
704 326 923 367 maturitas
964 325 1156 367 admittit
1194 325 1488 380 interseritque
1518 330 1626 369 tem·

125 393 332 447 pestiuam
378 405 550 436 censura
596 393 873 442 dulcedinem,
921 395 966 434 ut
1017 393 1182 435 lectoris
1230 393 1504 437 intentionem
1556 408 1633 449 per

126 462 356 504 euentilata
380 461 692 514 disciplinarum
724 461 1008 514 philosophiae
1031 462 1217 504 membra
1238 463 1433 504 lassatam
1456 465 1631 517 repente

96 531 386 584 5uoluptuosis
425 529 658 571 excessibus
699 530 817 582 quasi
864 529 1113 582 quibusdam
1149 530 1286 584 pelagi
1320 531 1385 572 sui
1424 532 1632 584 portubus

125 599 277 641 foueat,
329 611 351 641 o
382 598 486 641 liber
525 597 799 640 multifariam
845 598 1018 651 pollens,
1059 611 1081 640 o
1113 598 1324 652 eloquium
1368 612 1449 641 non
1494 600 1630 652 exilis,

127 670 197 710 sed
243 667 410 709 subtilis
455 667 623 721 ingenii,
664 668 771 720 quod
812 679 886 708 nec
927 679 997 720 per
1036 667 1310 721 scaturigines
1342 667 1633 721 hyperbolicas

127 736 370 778 intumescit
415 747 491 777 nec
535 748 607 788 per
653 735 911 789 tapinomata
957 736 1150 789 depressa
1196 737 1402 778 tenuatur.
1456 736 1505 777 ad
1552 736 1633 778 hoc

125 804 251 846 unica
281 804 586 859 singularisque
609 804 799 846 doctrina
821 805 862 846 et
883 804 927 845 in
960 804 1215 846 diuersarum
1237 817 1375 847 rerum
1397 805 1633 847 adsertione

80 873 421 924 10monstrabilis,
464 874 530 914 cui
571 872 697 915 moris
737 874 800 915 est
842 874 890 915 de
929 873 1108 928 singulis
1139 873 1298 916 artibus
1331 886 1423 916 cum
1456 874 1632 928 singulis

126 941 352 983 artificibus
372 941 656 996 philosophari
678 954 875 995 quaeque,
899 943 931 983 si
953 942 1036 983 fors
1059 942 1199 996 exigit,
1223 943 1362 984 tenere
1384 953 1463 984 non
1485 942 1633 986 abnuit

128 1022 220 1051 cum
234 1008 393 1063 Orpheo
408 1011 626 1065 plectrum,
645 1023 737 1052 cum
764 1011 1008 1063 Aesculapio
1027 1011 1234 1061 baculum,
1260 1023 1350 1053 cum
1380 1010 1636 1054 Archimede

125 1078 300 1130 radium,
343 1092 437 1121 cum
479 1079 690 1131 Euphrate
728 1078 1032 1132 horoscopium,
1074 1091 1167 1120 cum
1211 1079 1381 1122 Perdice
1414 1079 1631 1131 circinum,

126 1159 219 1189 cum
258 1147 450 1189 Vitruuio
490 1147 843 1202 perpendiculum,
886 1160 1071 1201 quaeque
1108 1160 1335 1201 numquam
1377 1148 1636 1202 inuestigare

81 1231 113 1256 15
127 1214 335 1257 destiterit
366 1229 457 1258 cum
489 1217 663 1258 Thalete
694 1219 890 1269 tempora,
923 1229 1016 1258 cum
1039 1216 1212 1258 Atlante
1234 1217 1382 1267 sidera,
1415 1229 1507 1258 cum
1532 1218 1634 1259 Zeto

127 1284 316 1336 pondera,
350 1298 441 1327 cum
474 1285 704 1339 Chrysippo
735 1298 937 1336 numerOS,
978 1298 1069 1327 cum
1101 1285 1272 1327 Euclide
1304 1298 1526 1327 mensuras.
1579 1285 1631 1328 ad

127 1353 356 1395 extremum
389 1366 507 1395 nemo
539 1354 703 1396 saeculo
740 1365 830 1395 meo
864 1365 967 1407 quae
996 1354 1130 1395 uoluit
1162 1353 1382 1396 adfirmare
1404 1354 1463 1395 sic
1485 1354 1631 1405 ualuit,

126 1421 342 1474 siquidem,
380 1422 478 1464 dum
510 1434 598 1465 sese
630 1422 829 1464 aduersus
862 1434 968 1473 eum,
1002 1435 1123 1476 quem
1157 1423 1299 1464 contra
1331 1423 1528 1476 loquitur,
1562 1434 1631 1464 ex-

127 1490 266 1539 sertat,
298 1502 460 1533 morum
492 1503 538 1533 ac
568 1491 799 1532 studiorum
829 1491 996 1545 linguae
1026 1491 1243 1544 utriusque
1276 1491 1506 1545 symbolam
1543 1492 1635 1533 iure

81 1557 205 1602 2osibi
243 1559 442 1602 uindicat.
493 1561 621 1602 sentit
660 1562 708 1602 ut
746 1560 1020 1615 Pythagoras,
1061 1560 1212 1602 diuidit
1248 1563 1293 1602 ut
1327 1560 1529 1610 Socrates,
1564 1572 1632 1602 ex-

127 1626 255 1679 plicat
285 1630 332 1669 ut
362 1628 495 1679 Plato,
530 1628 705 1681 inplicat
727 1629 775 1670 ut
796 1627 1059 1683 Aristoteles,
1092 1631 1138 1670 ut
1159 1629 1382 1671 Aeschines
1403 1628 1633 1678 blanditur,

127 1696 174 1737 ut
215 1696 510 1739 Demosthenes
555 1697 760 1748 irascitur,
807 1698 956 1739 uernat
1001 1698 1050 1739 ut
1084 1697 1344 1747 Hortensius,
1385 1699 1546 1740 aestuat
1585 1700 1633 1739 ut

127 1765 345 1820 Cethegus,
391 1766 541 1808 incitat
579 1767 628 1808 ut
668 1765 805 1820 Curio,
851 1766 1038 1808 moratur
1078 1768 1125 1807 ut
1162 1766 1331 1817 Fabius,
1375 1766 1548 1808 simulat
1586 1768 1632 1808 ut

129 1832 308 1885 CrassuS,
351 1835 588 1877 dissimulat
627 1837 675 1877 ut
714 1834 872 1889 Caesar,
914 1834 1059 1877 suadet
1090 1833 1148 1876 'ut
1189 1833 1302 1886 Cato,
1342 1834 1553 1876 dissuadet
1585 1835 1636 1875 ut

83 1919 116 1944 25
129 1902 299 1956 Appius,
339 1904 560 1958 persuadet
589 1906 635 1945 ut
668 1903 847 1945 Tullius.
898 1903 983 1945 iam
1015 1903 1051 1945 si
1082 1903 1134 1945 ad
1173 1903 1453 1945 sacrosanctos
1491 1904 1635 1957 patres

128 1983 199 2025 pro
232 1973 521 2025 conparatione
552 1971 756 2026 ueniatur,
789 1972 959 2014 instruit
991 1974 1037 2013 ut
1059 1971 1347 2025 Hieronymus,
1381 1971 1563 2012 destruit
1584 1973 1635 2012 ut

128 2039 381 2091 Lactantius,
428 2040 610 2083 adstruit
654 2042 702 2082 ut
742 2040 1018 2094 Augustinus,
1068 2039 1289 2082 adtollitur
1336 2040 1383 2081 ut
1430 2039 1634 2091 Hilarius,

129 2108 393 2151 submittitur
424 2109 473 2151 ut
503 2109 692 2158 Ioannes,
725 2111 772 2150 ut
802 2108 984 2151 Basilius
1006 2108 1186 2161 corripit,
1219 2108 1266 2150 ut
1289 2107 1510 2162 Gregorius
1533 2120 1633 2150 con-

129 2178 298 2232 solatur,
330 2178 377 2219 ut
408 2177 578 2220 Orosius
612 2177 772 2229 adfluit,
809 2179 857 2219 ut
886 2177 1063 2219 Rufinus
1095 2177 1327 2231 stringitur,
1361 2179 1407 2219 ut
1429 2176 1636 2219 Eusebius

84 2262 117 2288 ao
130 2249 284 2299 narrat,
315 2247 362 2288 ut
392 2246 617 2288 Eucherius
658 2246 872 2296 sollicitat,
904 2249 950 2288 ut
980 2245 1180 2288 Paulinus
1210 2246 1417 2300 prouocat,
1450 2247 1495 2287 ut
1527 2246 1633 2286 Am-

129 2314 290 2357 brosius
319 2318 572 2368 perseuerat.

186 2394 276 2436 Iam
325 2406 421 2436 uero
473 2395 523 2436 de
571 2395 723 2450 hymno
774 2397 845 2437 tuo
895 2394 930 2436 si
979 2394 1243 2448 percunctere
1294 2392 1389 2447 quid
1441 2393 1634 2444 sentiam,

131 2463 397 2505 commaticus
442 2465 518 2513 est,
565 2464 752 2517 copiosus
796 2463 928 2504 dulcis
971 2463 1102 2505 elatus
1149 2463 1189 2504 et
1234 2461 1438 2515 quoslibet
1484 2462 1635 2515 lyricos

131 2532 415 2586 dithyrambos
456 2532 708 2574 amoenitate
748 2531 908 2584 poetica
947 2533 986 2573 et
1025 2531 1220 2572 historica
1258 2529 1437 2571 ueritate
1468 2541 1634 2582 supere-

87 2616 119 2643 35
131 2600 274 2649 minet,
315 2600 437 2654 idque
468 2602 588 2642 tuum
619 2600 662 2642 in
703 2599 775 2641 illo
807 2600 1026 2653 peculiare,
1066 2601 1169 2652 quod
1201 2598 1375 2640 seruatis
1406 2600 1633 2640 metrorum

130 2669 314 2723 pedibus,
360 2669 510 2722 pedum
556 2668 731 2723 syllabis
778 2668 1113 2722 syllabarumque
1159 2667 1318 2708 naturis
1362 2667 1472 2708 intra
1510 2666 1633 2718 spatii

132 2736 196 2778 sui
234 2737 457 2779 terminum
497 2738 622 2779 uerba
660 2737 763 2778 ditia
802 2749 944 2778 uersus
984 2748 1137 2790 pauper
1173 2735 1347 2777 includit
1378 2746 1450 2775 uec
1481 2734 1633 2775 arctati
