1884 2998
281 130 338 174 24
799 115 1277 166 Claudiaui'Mamerti

280 257 316 298 si
348 255 471 308 adsit,
504 255 693 308 operire?
722 255 778 305 at,
810 254 962 309 inquis,
993 269 1190 310 quorsum
1221 269 1355 300 sermo
1386 259 1679 313 progreditur?
1710 269 1784 312 ego

279 337 376 367 uero
406 324 665 379 longiuscule
697 337 820 378 quam
854 325 966 368 uolui
992 326 1205 380 praefatus
1238 339 1344 379 sum,
1382 327 1482 368 dum
1502 326 1783 381 praesentium

278 395 395 448 piget
425 394 659 449 taedetque.
711 399 841 448 nuper
872 394 1026 436 etenim
1063 394 1216 437 offendi
1247 395 1292 437 in
1323 395 1533 450 quosdam,
1567 395 1638 449 qui
1662 395 1785 438 char-

278 463 414 505 tulam
445 463 655 518 quandam
687 462 836 517 oppido
868 463 1049 506 studiose
1079 463 1341 515 lectitabant,
1366 464 1408 506 et
1428 464 1524 518 quia
1544 464 1784 506 mortalium

276 532 419 587 generi
457 544 546 574 mos
585 535 661 586 est,
703 533 800 574 noui
839 533 971 586 operis
1013 533 1223 585 agnitione
1256 534 1422 587 pellecti
1453 533 1505 575 ad
1535 532 1577 574 id
1608 532 1783 587 percipi·
1817 549 1832 573 ⁵

276 601 432 643 endum
463 601 606 643 sedulo
629 602 767 643 animo
800 601 1086 643 intenderant:
1117 602 1193 644 hoc
1231 602 1344 644 idem
1379 602 1483 644 mihi
1504 602 1591 644 acsi
1614 603 1785 656 cognitu

276 669 553 712 necessarium
605 670 714 712 ultro
766 670 1050 724 ingerentibus
1100 669 1304 725 inspicere
1349 670 1471 725 plane
1516 682 1598 712 non
1643 670 1782 712 abnui.

999 862 1060 916 II.

385 989 463 1019 VBI
495 990 670 1020 LIBRVM
701 988 802 1020 SINE
833 988 1044 1020 AVCTORE
1080 989 1347 1020 INCVRRISSE
1379 990 1429 1020 SE
1455 990 1664 1020 MEMINIT.

330 1080 474 1123 Prima
520 1081 710 1134 opusculi
754 1080 879 1122 facies
926 1080 975 1123 de
1029 1080 1168 1134 genito
1219 1081 1487 1135 ingenitoque
1534 1080 1609 1124 deo
1648 1081 1829 1125 Subli-10

270 1150 486 1191 missimae
518 1149 769 1204 quaestionis
801 1150 870 1191 uix
901 1149 1058 1192 foribus
1084 1150 1277 1192 oberrans
1309 1162 1390 1192 non
1412 1150 1779 1203 perincatholicam

269 1218 528 1272 praeferebat
575 1219 653 1260 etsi
706 1219 828 1273 longe
873 1219 1009 1272 inpari
1056 1219 1334 1272 disputatione
1385 1219 1657 1261 sententiam:
1718 1219 1780 1261 ita

270 1299 394 1341 penes
441 1300 507 1329 me
548 1288 819 1329 ratiocinandi
857 1287 1077 1329 leuitatem
1117 1288 1257 1342 grauis
1289 1300 1410 1330 causa
1446 1287 1653 1341 pensauit.
1704 1286 1778 1329 ubi

273 1356 439 1410 legendi
470 1368 691 1410 progressu
721 1356 930 1410 reliquum
960 1356 1151 1398 lectionis
1185 1356 1352 1410 accessi,
1386 1355 1664 1399 animaduerti
1688 1358 1779 1410 qui-

270 1426 442 1467 busdam
491 1424 930 1467 circumlocutionibus
990 1425 1031 1467 id
1089 1425 1300 1478 inpensius
1352 1424 1594 1467 molientem
1654 1425 1826 1478 opelli15

268 1494 398 1546 ipsius
439 1496 666 1543 auctorem,
707 1494 755 1535 ut
785 1493 984 1536 diuinitas
1017 1494 1226 1548 passibilis
1258 1494 1504 1536 crederetur.
1556 1495 1777 1547 percontor

269 1563 319 1604 (16
348 1563 535 1604 nomine:
568 1574 644 1604 1166
682 1574 877 1617 responso
909 1575 983 1605 1166
1022 1562 1177 1617 scripto
1218 1563 1420 1616 proditur.
1474 1563 1600 1616 coepi,
1633 1562 1777 1612 fateor,

269 1630 366 1673 talis
405 1631 596 1685 equidem
635 1631 811 1686 paginae
856 1631 1001 1673 stilum
1043 1632 1191 1685 oppido
1230 1631 1338 1674 ferre
1371 1633 1622 1686 suspectum,
1657 1632 1699 1673 et
1729 1634 1777 1673 ut

335 1824 356 1858 1
388 1823 433 1858 ad
466 1823 617 1859 ABHR
756 1823 890 1868 iniquis
922 1823 1218 1865 ABG¹DFH¹S,
1260 1824 1405 1869 iniquus
1436 1824 1485 1859 M
1614 1834 1778 1859 corsuum

265 1881 322 1924 M,
361 1891 509 1925 quorum
535 1880 653 1923 HRS,
693 1891 844 1925 quonam
872 1881 904 1915 T
1029 1882 1051 1916 2
1074 1881 1376 1925 praesumentium
1399 1881 1549 1916 DEFP
1674 1882 1695 1916 3
1720 1881 1778 1916 de-

264 1937 363 1973 fendi
402 1937 451 1973 G1
589 1937 628 1971 in
664 1947 730 1972 om.
766 1938 799 1972 Τ
821 1937 900 1972 8611.
1046 1938 1216 1982 quosdam
1255 1948 1322 1973 om.
1359 1937 1395 1973 R
1532 1939 1571 1972 in
1607 1938 1778 1983 quosdam

264 1995 394 2030 offendi
431 1994 461 2030 8
609 1995 778 2029 cartolam
817 1995 854 2030 R
1007 1994 1030 2029 4
1066 1995 1223 2029 stodiose
1260 1995 1290 2030 8
1440 1995 1535 2040 quia]
1575 1996 1635 2040 qui
1674 1996 1777 2030 Har-

263 2053 371 2088 telius
520 2052 542 2087 5
577 2051 718 2096 pellecti
755 2052 895 2088 codices
930 2063 1011 2087 eum
1047 2052 1124 2095 PT,
1172 2053 1293 2097 pellici
1331 2052 1488 2088 editores
1641 2054 1662 2087 6
1698 2053 1775 2087 ani-

264 2120 362 2145 mum
386 2109 539 2145 DEFP
554 2109 653 2152 8611,
691 2109 827 2144 animos
851 2109 1032 2145 Barthius
1147 2110 1331 2154 cognitum
1356 2110 1443 2145 libri
1563 2110 1584 2144 7
1608 2121 1631 2144 a
1654 2110 1777 2145 uerbis

266 2171 351 2216 {cere
382 2169 488 2212 plane
520 2179 589 2202 non
626 2168 733 2202 abnui
771 2168 885 2204 codeoe
917 2168 952 2203 L
983 2169 1115 2213 incipit
1254 2169 1406 2213 aspicere
1443 2169 1515 2203 Mb
1656 2169 1699 2202 10
1735 2169 1777 2203 de

263 2253 455 2294 genitoque
479 2249 543 2290 M,
583 2249 683 2283 unde
709 2249 751 2283 de
775 2249 942 2294 ingenito
967 2249 1161 2294 genitoque
1187 2250 1344 2284 editores
1463 2250 1503 2284 11
1531 2249 1617 2283 foris
1638 2251 1683 2294 10²

263 2305 430 2341 aberrans
454 2305 581 2340 ABD¹
584 2305 806 2341 EFHLRS
942 2306 1254 2350 perincatholicam
1279 2307 1426 2350 scripsi,
1467 2317 1531 2341 om.
1562 2306 1613 2349 G,
1654 2317 1775 2350 parem

261 2363 474 2399 catholicam
514 2363 577 2406 M,
626 2373 688 2407 per
727 2363 975 2398 incatholicam
1016 2364 1092 2398 rell.
1134 2374 1215 2398 cum
1255 2364 1343 2407 PT,
1392 2375 1517 2408 parum
1558 2364 1774 2399 catholicam

263 2421 421 2456 editores
561 2420 604 2454 12
639 2431 724 2465 prae
761 2431 798 2454 se
834 2420 972 2455 ferebat
1009 2421 1163 2456 editores
1313 2421 1356 2456 14
1392 2431 1618 2477 progressum
1654 2422 1684 2457 8

263 2500 501 2535 animaduerti
537 2500 627 2541 Mb,
676 2483 990 2558 animaduertendo
1031 2501 1083 2544 G,
1132 2501 1376 2536 animaduerto
1413 2501 1489 2535 rell.
1528 2506 1560 2536 et
1598 2502 1678 2537 8611.

262 2581 306 2617 15
331 2580 728 2624 circumloquitionibus
752 2580 789 2617 R
905 2582 1088 2626 inpensius
1114 2581 1207 2623 Mb,
1248 2581 1414 2625 inpendio
1438 2581 1515 2616 rell.
1541 2585 1573 2616 et
1599 2582 1680 2617 8611,

263 2638 481 2682 molientem]
508 2637 666 2672 adserere
690 2639 776 2674 add.
800 2641 845 2683 1²²
982 2639 1088 2683 opelli
1115 2638 1263 2674 HLRS
1277 2638 1376 2681 8611,
1416 2638 1548 2682 oppelli
1573 2639 1645 2672 AB
1672 2641 1773 2683 (opu-

260 2696 352 2730 sculi
368 2695 411 2730 111
426 2696 555 2739 mary.)
581 2695 758 2739 DEFM,
803 2697 914 2741 opelle
945 2697 1010 2732 OG
1137 2698 1178 2730 16
1204 2697 1367 2730 credatur
1391 2695 1582 2730 ABDEF
1599 2696 1678 2730 8611.

262 2754 470 2797 percunctor
494 2751 605 2786 ABR
624 2752 706 2789 8611.
844 2754 886 2788 18
912 2756 946 2788 et
972 2764 1038 2788 om.
1067 2754 1238 2788 Schottus
