1884 2998
641 100 700 135 De
724 101 851 136 statu
874 101 1048 136 animae
1080 102 1119 137 II
1143 103 1176 138 8.
1580 107 1661 150 129

843 224 971 279 VIII.

158 351 361 384 ROMANIS
393 350 587 383 PAGANIS
619 349 918 382 PHILOSOPHIS
958 352 1127 382 VTITVR
1156 352 1366 385 TESTIBVS
1397 356 1456 386 DE
1487 357 1661 388 ANIMAE

688 419 1130 450 INCORPORALITATE.

214 512 498 555 Plurimorum
536 512 579 553 in
615 510 828 565 negotium
865 523 1059 566 praesens
1098 511 1440 567 philosophorum
1469 516 1661 568 plurimis

118 603 135 628 5
158 581 410 624 testimoniis
454 579 519 622 usi
563 592 705 622 sumus
750 580 985 634 multosque
1031 593 1079 622 ex
1117 581 1263 623 eadem
1306 581 1491 634 Graecia,
1523 584 1559 625 si
1595 586 1663 627 uel

159 661 280 692 causa
323 651 507 703 posceret
548 648 617 691 uel
654 649 760 690 ratio
798 648 965 701 sineret,
1004 649 1187 702 proferre
1227 661 1451 704 possemus.
1502 653 1575 694 sed
1612 666 1663 696 ne

158 718 348 761 localiter
377 718 600 760 ueritatem
631 716 837 770 quaesisse
868 718 1096 768 uideamur,
1128 720 1176 760 ut
1206 718 1307 761 haec
1338 718 1480 761 eadem
1510 720 1560 762 ab
1581 733 1663 764 una

158 788 325 830 tantum
363 786 495 829 uideri
533 786 655 840 gente
693 786 875 839 quiuerit
906 788 948 828 et
979 786 1072 828 aliis
1112 787 1305 840 ignorata
1349 786 1417 839 sit,
1450 801 1544 830 cum
1574 791 1662 832 ueri

161 868 328 910 compos
357 856 540 897 humana
570 854 813 897 substantia
836 867 914 897 non
938 855 995 897 sit
1017 854 1199 910 regione,
1223 856 1295 898 sed
1316 867 1479 909 genere,
1510 857 1663 900 Roma-

113 946 147 972 10
160 936 233 967 nos
272 924 400 967 etiam
440 923 686 977 eosdemque
727 923 991 978 philosophos
1031 924 1160 966 testes
1201 924 1386 979 citemus,
1423 927 1532 979 apud
1563 939 1662 980 quos

162 993 325 1036 Sextius
347 993 465 1047 pater
486 992 730 1045 Sextiusque
750 991 861 1034 filius
886 1004 1085 1045 propenso
1107 992 1151 1034 in
1173 992 1414 1034 exercitium
1435 994 1662 1047 sapientiae

158 1062 295 1105 studio
333 1062 516 1116 adprime
551 1060 830 1115 philosophati
862 1061 958 1102 sunt
988 1063 1111 1114 atque
1141 1060 1249 1103 hanc
1279 1074 1400 1116 super
1429 1063 1541 1105 omui
1571 1064 1662 1106 ani-

159 1144 229 1174 ma
260 1131 393 1174 tulere
424 1130 697 1172 sententiam:
729 1129 1109 1182 incorporalis,
1147 1130 1354 1183 inquiunt,
1387 1132 1552 1174 omnis
1583 1132 1664 1174 est

158 1201 327 1242 anima
357 1201 405 1241 et
435 1197 687 1241 inlocalis
709 1200 860 1251 atque
891 1198 1279 1251 indeprehensa
1300 1199 1379 1241 uis
1401 1202 1662 1256 quaedam,

113 1281 289 1323 15quae
328 1268 444 1311 sine
483 1267 659 1322 spatio
699 1278 859 1320 capax
900 1278 1087 1320 corpus
1117 1266 1300 1310 haurit
1331 1268 1381 1310 et
1411 1269 1662 1314 continet.

158 1337 295 1380 acrius
335 1337 421 1391 isti,
461 1337 504 1378 ni
542 1336 677 1387 fallor,
718 1335 928 1378 abstrusas
964 1348 1103 1377 rerum
1132 1336 1312 1379 rationes
1343 1337 1519 1392 ingressi
1552 1341 1661 1393 sunt,

159 1418 283 1460 quam
323 1405 514 1448 nonnulli
551 1406 768 1456 nostrateS‚
807 1406 877 1458 qui
917 1404 1180 1447 cubiculariis
1225 1405 1578 1459 disputationibus
1613 1408 1662 1449 de

158 1474 404 1517 sublimium
449 1474 598 1529 indage
644 1486 863 1516 causarum
901 1473 1057 1527 aliquid
1103 1474 1375 1528 soporiferum
1414 1475 1458 1516 in
1496 1475 1662 1517 lectulis

159 1543 381 1586 oscitantes
418 1542 673 1597 perpellente
712 1542 827 1597 copia
863 1542 1093 1596 tepentium
1123 1542 1366 1585 naeniarum
1395 1543 1543 1586 stolido
1574 1544 1662 1586 lau-

112 1611 301 1658 20datore
346 1613 582 1654 ueternosas
621 1611 794 1653 anilium
840 1611 1080 1665 opinionum
1126 1611 1379 1665 suspiciones
1426 1612 1663 1654 edormiunt

157 1681 430 1735 innexamque
469 1679 697 1722 uisceribus
744 1679 927 1721 animam
966 1679 1148 1733 corporis
1187 1680 1380 1722 claustris
1425 1679 1585 1722 includi
1623 1681 1663 1723 et

159 1749 360 1792 contineri
391 1749 626 1791 decernunt.
679 1748 749 1790 sed
792 1748 902 1790 istuc
933 1748 1152 1802 inperitiae
1183 1750 1271 1791 ueri
1301 1761 1454 1791 uacuae
1484 1749 1660 1803 figmen-

159 1819 265 1871 tum,
297 1820 419 1873 prout
449 1819 631 1860 locorum
660 1817 767 1860 ratio
797 1816 995 1871 poposcit,
1029 1819 1070 1859 et
1099 1818 1307 1871 superiore
1337 1818 1443 1861 libro
1466 1817 1660 1861 discussi-

158 1900 252 1929 mus
284 1890 325 1930 et
355 1887 530 1941 prolatis
552 1899 662 1929 nunc
692 1898 951 1929 summorum
982 1886 1144 1941 magnis
1175 1888 1391 1929 auctorum
1411 1886 1661 1930 testimoniis

225 2081 249 2116 4
279 2080 465 2125 negotium
494 2080 569 2116 Mb
596 2079 694 2122 Sch„
734 2079 880 2124 negotio
906 2078 982 2114 rell.
1121 2079 1298 2123 praesenti
1325 2078 1404 2115 &8²
1540 2078 1563 2114 5
1586 2078 1660 2114 siue

159 2161 196 2198 R
323 2162 345 2196 6
369 2162 544 2206 possimus
569 2161 605 2195 A
731 2170 796 2194 nec
819 2159 854 2195 R
984 2159 1006 2194 8
1029 2136 1119 2194 alias
1144 2158 1175 2193 S
1297 2157 1659 2203 cum—substantia]

161 2218 248 2264 quia
278 2229 364 2253 uera
395 2217 582 2263 indagacio
613 2217 768 2252 humane
799 2216 999 2261 substantie
1031 2216 1138 2258 M¹b‚
1174 2226 1268 2252 corr.
1301 2215 1363 2250 M²
1390 2215 1432 2250 in
1455 2226 1570 2261 marg,

159 2279 181 2311 3
205 2275 294 2311 insit
319 2275 499 2311 Barthius
639 2275 679 2309 11
707 2275 824 2309 sextus
848 2273 937 2317 Mb,
977 2273 1074 2308 exius
1098 2273 1135 2309 R
1272 2272 1424 2317 sexiusq·
1451 2272 1503 2314 R,
1544 2273 1661 2307 sextus

159 2356 288 2392 omisso
314 2366 381 2401 que
405 2356 479 2391 Mb
497 2355 577 2391 Sch.
709 2355 863 2389 exercitu
880 2365 929 2399 p,
969 2352 1131 2388 exercitio
1155 2352 1338 2388 Barthius
1468 2352 1512 2386 12
1536 2328 1660 2397 adpme

159 2413 191 2448 S
323 2413 388 2447 has
413 2415 459 2458 1²²
599 2411 695 2447 omni
727 2411 858 2456 anima]
886 2410 1006 2445 omnia
1032 2410 1066 2446 G
1206 2410 1248 2444 13
1280 2408 1416 2443 atulere
1442 2408 1525 2451 AF,
1565 2409 1660 2444 attu-

158 2471 230 2506 lere
262 2470 393 2507 DE¹R
410 2470 508 2513 Sela,
549 2471 626 2504 atre
658 2469 693 2504 B
830 2468 1025 2503 sententias
1050 2467 1250 2510 ΑΒΗΒῙ)2
1386 2465 1504 2510 inquit
1534 2465 1570 2500 A

159 2527 204 2562 14
228 2527 460 2572 indepreensa
483 2527 518 2563 R
658 2526 700 2561 16
724 2525 891 2560 abstrusa
914 2524 1051 2567 ABF1,
1090 2524 1254 2559 abtrusas
1279 2522 1316 2558 R
1452 2522 1590 2557 ratione
1613 2523 1659 2565 A,

160 2585 322 2620 nationes
346 2585 394 2619 M
533 2585 576 2620 18
600 2583 715 2629 sopori
742 2593 858 2618 serum
881 2582 918 2618 R
1056 2581 1099 2615 19
1124 2580 1318 2615 oscitantes
1344 2579 1510 2622 editores,
1551 2579 1658 2614 susci—

158 2666 278 2699 tantes
302 2664 389 2699 libri
412 2674 493 2699 cum
516 2664 588 2699 PT
709 2663 846 2708 copiam
870 2662 939 2699 RS
1056 2671 1223 2696 uenarum
1246 2659 1286 2695 D
1404 2634 1509 2694 stolii>
1534 2657 1569 2694 R

159 2720 206 2756 20
228 2722 427 2765 opiniorum
450 2720 487 2756 R

227 2787 292 2824 XI.
1503 2783 1524 2818 9
