1884 2998
232 208 367 238 XLIIII

231 320 490 363 restituimus
537 319 629 361 coll.
679 318 774 371 150,
823 320 844 360 1
868 318 915 374 ¹).
948 343 1004 349 ·—
1034 319 1102 370 23,
1152 319 1206 361 14
1252 319 1448 363 adiciunt
1492 322 1739 364 auctoritati

227 388 368 440 potius
398 389 585 440 oportere
615 387 780 429 concedi
810 400 940 440 neque
961 386 1289 441 naufragiosum
1306 422 1316 431 .
1335 422 1344 432 .
1364 423 1371 430 .
1388 388 1570 442 petayus
1591 389 1737 442 dispu-

230 454 403 496 tationis
433 454 620 498 intrare:
652 456 761 498 recte
784 455 868 497 iam
901 455 936 497 G
968 455 1188 498 correxisse
1218 456 1388 499 uidetur
1419 458 1588 511 propter
1619 460 1738 500 ante-

231 523 445 565 cedentem
475 524 688 577 passiuam
718 524 897 565 formam
928 524 1095 566 concedi
1138 524 1299 566 intrare
1339 525 1384 567 in
1414 526 1586 581 intrari,
1632 526 1739 579 quod

230 592 344 646 piget
383 604 448 633 me
487 592 529 633 in
569 593 729 635 textum
766 605 846 634 non
887 592 1099 645 recepisse.
1151 596 1294 635 contra
1333 592 1398 646 70,
1435 594 1497 636 13.
1543 594 1636 645 107,
1668 593 1736 636 20.

233 661 328 715 112,
359 660 414 702 23
446 673 527 702 11011
550 661 650 711 erat,
683 673 754 702 cur
785 660 1094 702 nominatiuum
1124 660 1248 702 molis
1277 661 1446 715 optimis
1468 661 1587 704 libris
1607 662 1737 704 tradi-

231 731 322 771 tum
353 729 563 783 archetypi
592 731 738 771 mendo
770 730 1006 783 tribuerem,
1047 729 1174 771 immo
1205 730 1306 772 haec
1328 730 1576 773 nominatiui
1606 730 1740 772 forma

231 797 396 840 aliunde
438 799 536 839 nota
577 797 704 839 etiam
745 799 788 839 in
819 796 1044 839 Claudiano
1088 798 1256 840 retineri
1286 798 1471 841 debebat.
1524 799 1685 841 uocales
1716 812 1740 840 o

232 868 273 907 et
302 879 332 907 u
362 867 653 919 permutantur
687 865 781 916 129,
808 866 861 907 21
895 864 1058 907 lectulis
1088 866 1314 907 oscitantes
1345 870 1466 917 (corr.
1499 869 1558 908 ed.
1592 867 1738 920 princ„

232 932 396 975 lectulis
424 933 675 975 suscitantes
705 933 836 987 libri),
872 933 966 984 137,
991 933 1043 975 12
1065 934 1364 986 compotoribus
1397 934 1463 988 (cf.
1488 947 1583 989 pag.
1605 934 1741 985 XXV,

231 1001 528 1054 computoribus
559 1001 690 1056 libri),
727 1002 820 1056 152,
853 1001 879 1043 3
909 1001 1013 1043 istoc
1039 1002 1268 1056 (Barthius,
1301 1002 1406 1044 istuc
1439 1003 1567 1058 libri),
1600 1004 1648 1046 cf.
1669 1003 1740 1052 45,

230 1070 299 1111 21.
331 1071 425 1124 173,
451 1071 514 1113 10.
552 1071 645 1125 184,
681 1070 746 1112 18.
789 1084 809 1112 e
840 1071 882 1112 et
913 1083 941 1111 a
973 1071 1166 1114 confusae
1197 1073 1311 1113 erant
1347 1072 1411 1123 11,
1437 1072 1490 1114 10
1519 1073 1741 1124 occupetur

237 1140 398 1193 (Fausti
419 1140 556 1192 codex,
589 1142 819 1192 occupatur
840 1139 1038 1181 Mamerti
1060 1140 1193 1193 libri),
1227 1140 1411 1194 itemque
1432 1141 1501 1190 33,
1523 1141 1580 1183 20
1610 1153 1740 1193 arqu-

231 1211 413 1250 mentere
442 1220 514 1262 pro
545 1211 843 1262 aryurnentare
873 1209 1030 1262 scripsi,
1082 1209 1131 1251 cf.
1164 1208 1232 1261 52,
1267 1210 1306 1251 3.
1353 1211 1438 1251 sine
1483 1210 1570 1251 ulla
1601 1212 1738 1251 autem

233 1277 481 1320 necessitate
529 1278 595 1330 78,
644 1277 696 1319 13
734 1278 1043 1331 pereyrinatur
1086 1279 1308 1320 immutaui
1354 1280 1397 1320 in
1434 1278 1743 1332 pereyrinetur,

232 1359 326 1389 cum
356 1345 607 1388 indicatiuus
640 1345 683 1388 in
709 1346 1036 1400 interrogatione
1059 1345 1230 1400 obliqua
1251 1346 1416 1388 nullum
1439 1347 1590 1388 habeat
1612 1346 1740 1388 offen-

232 1415 389 1458 sionem
431 1415 540 1468 apud
576 1414 851 1457 Claudianum
894 1415 964 1471 (cf.
1005 1415 1215 1467 indicem).
1265 1415 1372 1457 aliae
1423 1415 1584 1457 uocales
1633 1416 1742 1457 inter

232 1496 274 1526 se
319 1484 579 1537 permutatae
624 1485 766 1526 erant:
821 1484 886 1537 12,
919 1484 944 1526 8
984 1483 1231 1525 commercia
1274 1483 1561 1537 (commercio),
1616 1484 1680 1535 10,
1714 1484 1743 1525 5

231 1552 464 1595 subsistunt
487 1552 762 1605 (subsistant),
796 1553 863 1608 23,
897 1552 951 1594 22
982 1552 1150 1605 ulloque
1174 1551 1376 1607 (illoque),
1413 1552 1506 1603 114,
1529 1553 1554 1594 6
1585 1565 1740 1593 eorun-

231 1620 325 1662 dem
360 1621 640 1676 (earundem),
682 1621 776 1673 138,
809 1621 837 1662 5
862 1620 1076 1673 plerisque
1108 1620 1383 1675 (plurisque),
1427 1621 1522 1671 174,
1555 1620 1611 1661 24
1641 1632 1741 1661 con-

228 1690 370 1742 pactio
416 1689 656 1742 (conpictio)
689 1689 768 1731 etc.
821 1689 988 1744 peccaui
1034 1690 1187 1742 autem,
1236 1700 1330 1731 cum
1374 1702 1395 1731 e
1442 1688 1652 1731 uocalium
1698 1688 1742 1728 in

233 1758 455 1812 archetypo
496 1758 730 1800 confusione
770 1758 882 1799 ortas
925 1770 1011 1799 esse
1050 1757 1248 1800 lectiones
1289 1757 1383 1810 162,
1415 1758 1441 1799 6
1476 1756 1743 1810 Gabrieturn,

234 1827 329 1879 163,
362 1827 399 1867 6.
434 1826 527 1877 164,
562 1826 627 1869 18.
664 1827 757 1878 166,
789 1827 842 1868 21
880 1825 1080 1869 Gabrielo
1112 1827 1314 1880 opinarer.
1367 1838 1465 1868 nam
1501 1837 1604 1878 quae
1634 1825 1741 1877 opti-

233 1896 313 1937 mis
352 1895 472 1937 libris
512 1896 750 1950 traduntur,
793 1896 901 1937 recte
939 1908 981 1937 se
1020 1895 1172 1937 habent
1211 1895 1252 1936 et
1291 1906 1440 1936 nomen
1471 1893 1576 1936 illud
1617 1893 1744 1934 etiam

234 1966 461 2007 secundum
500 1964 651 2018 stirpes
691 1964 733 2006 in
766 1978 810 2004 -o
843 1965 1036 2006 exeuntes
1067 1963 1319 2006 declinatum
1350 1975 1436 2004 esse
1477 1961 1743 2004 statuendum

235 2036 310 2076 est.
358 2032 672 2075 consonantium
703 2032 1031 2087 permutationes
1060 2031 1307 2086 insigniores
1332 2031 1407 2072 hae
1438 2030 1564 2072 fuisse
1593 2028 1742 2071 uiden-

233 2104 302 2144 tur
346 2102 387 2143 in
435 2101 679 2155 archetypo:
733 2101 800 2156 23,
846 2101 895 2141 11
938 2099 1165 2142 deierando
1195 2111 1266 2154 pro
1298 2098 1534 2151 deierando,
1586 2099 1655 2152 93,
1690 2097 1740 2138 17

226 2171 482 2226 perfiyentia
520 2183 592 2224 pro
630 2170 915 2224 perficientia,
965 2170 1059 2222 130,
1094 2170 1147 2213 10
1183 2169 1385 2212 eoroadht
1419 2181 1492 2223 pro
1522 2168 1744 2218 zoroastri,

234 2240 303 2289 28,
336 2240 360 2281 7
391 2239 666 2293 inficiasserit
684 2251 757 2292 pro
777 2238 949 2292 inficias
968 2238 1080 2291 ierit,
1116 2239 1210 2289 172,
1243 2237 1299 2280 20
1327 2237 1515 2279 indicari
1534 2250 1608 2292 pro
1628 2236 1744 2279 iudi-

235 2308 340 2362 cari,
383 2308 476 2359 181,
514 2309 562 2350 17
602 2307 671 2349 uis
702 2307 808 2362 (uir)
839 2319 911 2360 pro
942 2307 1032 2358 uix,
1068 2307 1161 2357 184,
1196 2306 1248 2349 18
1276 2305 1495 2359 flosculum
1525 2319 1596 2360 pro
1620 2304 1742 2359 plus-

235 2376 388 2418 culum.
413 2401 464 2407 -
490 2376 583 2429 125,
616 2377 642 2417 3
675 2375 879 2430 (animae)
921 2388 1026 2428 quae
1058 2378 1145 2416 tam
1175 2377 1335 2417 remota
1358 2376 1602 2427 persecutae
1631 2375 1742 2424 sunt,

237 2446 322 2486 tam
355 2444 501 2487 clausa
532 2444 745 2496 adierunt,
778 2446 866 2484 tam
897 2446 1042 2496 operta
1065 2444 1292 2485 uiderunt:
1324 2443 1545 2485 Barthium
1576 2445 1744 2485 secutus

236 2516 383 2566 operta
426 2527 499 2568 pro
544 2513 744 2556 librorum
791 2513 997 2566 scriptura
1027 2513 1172 2566 perita
1212 2512 1336 2554 edidi.
1387 2513 1458 2554 sed
1490 2513 1650 2565 praesto
1681 2513 1745 2553 est

237 2582 435 2623 correctio
467 2582 599 2624 multo
629 2582 769 2632 lenior,
802 2593 895 2622 cum
918 2593 991 2634 pro
1014 2581 1161 2634 perita
1183 2579 1302 2622 unius
1323 2580 1488 2622 litterae
1510 2578 1746 2621 mutatione

230 2650 384 2703 penita
414 2650 675 2692 scribendum
707 2651 772 2691 sit.

374 2755 400 2797 ¹)
434 2753 600 2787 Fortasse
632 2752 740 2787 etiam
775 2751 831 2795 98,
857 2751 900 2785 19
932 2754 1159 2796 recognoscet
1182 2761 1243 2796 pro
1268 2749 1487 2795 recoqnoscit
1520 2748 1745 2783 scribendum

235 2810 322 2852 erat,
348 2809 441 2854 quod
467 2809 647 2844 antecedit
671 2809 1020 2854 qui—coynouerit‚
