1884 2998
315 110 372 153 34
830 107 1075 143 Claudiani
1102 107 1307 143 Mamerti

313 237 373 278 ita
420 236 495 285 est,
542 235 630 288 pati
674 245 746 289 pro
788 234 1026 277 hominibus
1071 235 1172 277 deus
1218 237 1260 276 et
1299 247 1378 277 non
1419 235 1640 289 adsumpto
1678 235 1819 288 potuit

314 305 494 358 homine,
525 303 622 357 quia
653 304 689 345 si
718 303 761 345 in
791 302 957 346 homine
987 303 1214 357 passibilis,
1246 305 1287 346 et
1308 305 1424 346 extra
1447 302 1656 345 hominem
1678 303 1818 356 potuit

314 385 403 415 esse
434 371 659 426 passibilis
713 371 788 414 sed
809 373 986 415 eundem
1011 372 1117 414 forte
1139 372 1363 414 contendas
1384 372 1645 414 substantiae
1667 371 1816 413 huma-

311 453 387 483 nae
426 441 672 496 contagione
707 441 919 483 mutatum
953 440 1188 494 idcircoque
1206 444 1298 494 post
1319 441 1587 494 adsumptum
1609 440 1818 482 hominem

312 509 473 552 factum
523 509 653 552 fuisse
701 509 954 562 passibilem.
1012 521 1094 551 non
1143 508 1274 562 igitur
1323 508 1652 562 incorruptibilis
1704 508 1817 560 deus,
1848 523 1864 548 5

311 579 409 632 quia
439 577 639 631 quidquid
669 578 910 620 deteriorari
948 578 1087 632 potest
1126 580 1167 620 et
1205 578 1410 631 corrumpi
1448 578 1632 631 profecto
1662 578 1817 631 potest.

311 647 385 688 sed
418 646 627 700 corrumpi
663 646 865 689 diuinitas
904 658 986 688 non
1015 646 1151 699 potest
1181 659 1255 688 000
1291 646 1552 696 commutari,
1582 645 1714 700 igitur
1745 657 1819 688 nec

310 715 401 768 pati
431 717 583 769 potest.

365 794 486 837 Nunc
526 807 644 848 porro
683 797 883 849 superest,
924 797 971 836 ut
1010 794 1204 848 quoniam
1243 793 1430 837 Christus
1461 795 1584 836 homo
1618 806 1743 836 uerus
1775 794 1818 836 et

310 863 410 906 deus
451 876 573 905 uerus
611 876 658 905 ex
700 864 855 918 duplici
891 863 1128 906 substantia
1166 875 1250 905 una
1286 876 1459 918 persona
1489 864 1532 905 et
1563 862 1663 904 deus
1695 862 1864 904 11010010

309 932 353 974 et
382 932 505 975 homo
536 933 637 974 deus
669 933 745 984 est,
777 932 888 975 idem
919 932 1076 986 gloriae
1109 932 1302 975 dominus
1333 933 1375 974 et
1405 944 1485 974 non
1518 932 1573 973 sit
1600 930 1816 973 crucifixus

308 1013 382 1054 pro
428 1000 663 1042 inuiolabili
707 1000 931 1043 diuinitate
977 1004 1019 1042 et
1069 1001 1287 1043 crucifixus
1337 1001 1393 1043 sit
1444 1000 1486 1042 in
1532 1000 1698 1042 homine
1742 1011 1815 1053 pro

307 1068 472 1111 unitate
503 1081 708 1123 personae.
760 1068 900 1123 itaque
931 1069 1037 1111 miro
1068 1070 1193 1123 atque
1230 1068 1492 1124 incogitabili
1524 1068 1645 1111 modo
1667 1079 1815 1122 passus

307 1138 374 1179 est
407 1137 558 1193 [homo]
593 1138 707 1193 deus,
737 1140 779 1180 et
809 1149 890 1179 non
914 1139 979 1180 est
1008 1150 1129 1193 passa
1151 1138 1364 1181 diuinitas.
1406 1151 1525 1180 cerne
1556 1150 1665 1180 nunc
1686 1138 1815 1192 igitur

306 1206 352 1248 in
381 1207 423 1249 id
453 1208 619 1249 tantum
661 1208 791 1249 temet
830 1207 1005 1261 apostoli
1047 1206 1336 1250 testimonium
1372 1206 1619 1257 uindicasse,
1652 1218 1734 1248 000
1766 1205 1814 1247 ut
1831 1219 1862 1246 15

307 1288 353 1335 011
383 1276 527 1318 eodem
558 1277 683 1318 robur
713 1276 924 1318 sententia
954 1277 1028 1318 tua
1059 1276 1303 1330 capesseret,
1336 1276 1407 1317 sed
1438 1276 1486 1317 ut
1516 1287 1686 1317 scaenae
1718 1287 1812 1316 sen-

306 1345 465 1387 tentiae
496 1344 686 1398 prauitas
717 1356 799 1386 non
830 1344 993 1386 lateret.
1046 1347 1093 1386 tu
1131 1344 1295 1386 scilicet
1326 1344 1444 1387 uelut
1474 1344 1703 1398 stipulante
1734 1342 1814 1385 tibi

305 1425 380 1466 per
410 1412 647 1466 apostolum
678 1412 858 1454 ueritate
888 1412 1010 1454 adfici
1041 1412 1309 1454 diuinitatem
1340 1413 1455 1466 dicis,
1501 1413 1572 1455 sed
1605 1413 1814 1467 apostolus

304 1481 625 1524 crucifixum
675 1481 876 1534 gloriae
923 1482 1185 1524 dominum
1235 1483 1277 1524 in
1328 1494 1376 1524 ea
1425 1481 1490 1524 sui
1539 1483 1655 1536 parte
1702 1480 1814 1535 cogit

304 1550 514 1605 intellegi,
545 1562 625 1604 qua
655 1550 794 1604 potuit
824 1549 1024 1605 crucifigi.
1075 1549 1155 1591 tibi
1193 1550 1333 1604 igitur,
1367 1550 1447 1592 tibi
1478 1550 1703 1592 admodum
1734 1550 1813 1592 soli
1827 1563 1862 1589 20

305 1619 406 1661 haec
442 1619 590 1661 relicta
627 1608 833 1660 sententia
871 1618 947 1669 est,
985 1619 1032 1661 ut
1061 1618 1364 1662 intemerabilis
1395 1621 1518 1673 atque
1550 1619 1814 1662 inaestimata

305 1687 506 1730 diuinitas
555 1687 697 1741 flagris
751 1699 883 1736 caesa,
935 1687 1067 1729 clauis
1117 1687 1326 1738 transfixa,
1378 1688 1521 1730 lancea
1570 1688 1811 1738 transfossa,

305 1756 515 1798 doloribus
547 1756 726 1808 adfecta,
767 1758 900 1798 morte
942 1759 1186 1810 consumpta
1225 1757 1292 1808 sit,
1334 1757 1434 1810 quia
1464 1758 1506 1799 in
1536 1769 1616 1799 uno
1648 1759 1810 1800 eodem-

304 1837 383 1879 que
409 1824 574 1867 Christo
606 1825 718 1867 credi
749 1825 890 1867 renuis
920 1825 1034 1867 aliud
1065 1824 1283 1867 subditum
1305 1826 1444 1879 morti,
1482 1827 1595 1868 aliud
1615 1826 1810 1880 passioni.

302 1894 375 1935 sed
406 1894 615 1947 premente
645 1894 823 1936 ueritate
858 1894 988 1936 uerba
1025 1898 1255 1937 commutas
1286 1894 1491 1949 inquiens,
1523 1896 1630 1948 quod
1661 1895 1811 1948 quibus
1825 1910 1857 1936 25

373 2052 388 2086 1
417 2050 514 2095 patri
538 2051 575 2085 B
708 2051 811 2086 deum
831 2062 860 2096 p
991 2053 1013 2087 2
1037 2053 1139 2097 quasi
1165 2053 1195 2088 S
1320 2053 1343 2088 4
1367 2053 1584 2098 cogitatione
1608 2053 1817 2089 A¹BDEF

301 2107 458 2151 HLPS,
498 2109 711 2153 cognatione
731 2109 787 2151 ‚A2
913 2110 936 2144 5
960 2110 1205 2155 corruptibilis
1230 2109 1309 2146 118ι
1437 2110 1731 2156 incorruptibilis]
1758 2112 1813 2145 est

288 2187 388 2224 -.add.
421 2188 500 2225 Sch.
685 2190 707 2225 6
738 2189 951 2225 deteriorare
981 2191 1036 2233 R,
1077 2190 1286 2225 deinteriori
1318 2191 1353 2227 G
1538 2191 1558 2225 7
1591 2172 1651 2226 εἶά
1682 2189 1718 2226 Β

288 2268 322 2302 -9
346 2278 409 2303 neo
432 2268 687 2311 ABEFH¹R‚
726 2251 750 2304 ἑ
778 2270 812 2306 a
950 2272 993 2305 ut
1017 2281 1084 2307 om.
1109 2270 1405 2307 ABDEFLRS
1419 2270 1499 2307 Son.
1639 2281 1742 2316 quem
1767 2270 1811 2306 ad

299 2325 445 2361 modum
470 2325 552 2362 Sch.
685 2327 729 2361 12
753 2327 915 2362 uiolabili
939 2328 989 2364 M
1118 2329 1162 2363 14
1185 2328 1288 2364 homo
1312 2339 1376 2364 om.
1404 2329 1488 2363 libri
1506 2332 1658 2372 praeter
1682 2329 1722 2362 M

301 2383 345 2419 15
375 2382 584 2419 uendicasse
615 2383 646 2419 8
782 2385 825 2420 16
857 2385 960 2420 robor
990 2385 1026 2421 R
1164 2396 1265 2430 scene
1298 2384 1466 2427 LMRS,
1508 2396 1631 2420 saeuae
1663 2385 1741 2421 rell.
1777 2390 1811 2422 et

289 2440 320 2475 Lb
451 2441 494 2475 17
521 2441 731 2476 stimulante
761 2441 791 2477 Ο
924 2442 970 2477 20
993 2443 1076 2487 quia
1100 2443 1201 2478 B¹G¹
1339 2443 1383 2477 21
1408 2442 1532 2477 relicta
1557 2445 1611 2477 est
1635 2443 1811 2478 sententia

291 2497 332 2532 .S
452 2498 570 2532 sencia
593 2498 642 2533 M
767 2499 975 2534 inestimata
999 2499 1043 2542 8,
1083 2500 1327 2535 inexistimata
1356 2499 1394 2541 G,
1434 2499 1622 2535 instimata
1645 2500 1720 2536 FR

288 2553 344 2588 “22
374 2554 498 2598 flagris
531 2555 628 2597 GM,
671 2555 823 2601 flagellis
848 2557 923 2591 rell.
951 2560 985 2592 et
1009 2556 1092 2593 Seh.
1230 2557 1275 2592 23
1300 2556 1421 2591 eodem
1446 2557 1532 2592 libri
1551 2561 1702 2601 praeter
1728 2557 1810 2593 GM

288 2614 333 2645 'et
359 2610 438 2646 8011.
578 2613 624 2647 24
655 2613 750 2648 credi
774 2614 894 2648 renuis
926 2614 990 2657 M,
1031 2614 1127 2649 credi
1152 2615 1297 2649 rennuit
1320 2613 1598 2656 ABC'GHLR,
1639 2615 1734 2649 credi
1757 2625 1808 2649 re-

290 2668 380 2703 nuit
418 2668 563 2704 DEFS
581 2669 676 2712 Sela,
725 2670 820 2705 credi
859 2681 975 2705 remur
1015 2671 1099 2713 PT,
1135 2671 1233 2716 quod
1270 2671 1367 2713 falso
1404 2670 1572 2707 Schottus
1605 2682 1677 2716 pro
1714 2671 1808 2706 credi

288 2726 418 2760 u=enuis
443 2726 595 2763 uidetur
620 2727 755 2773 legisse,
781 2728 999 2764 crederemus
1024 2729 1045 2764 b
