1884 2998
307 132 362 175 28
825 130 1073 167 Claudiani
1098 132 1307 168 Mamerti

307 258 450 301 oribus
492 257 611 300 adfici
651 258 788 313 potest
819 260 867 300 ut
896 257 1096 313 proficiat,
1128 258 1237 301 sicut
1267 258 1528 301 inferioribus
1559 262 1605 302 ut
1637 259 1816 302 deficiat.

308 327 358 368 de
397 327 536 369 anima
577 326 729 381 quippe
767 326 911 381 loquor
949 328 1146 370 humana.
1197 327 1326 382 igitur
1371 340 1446 370 nec
1475 327 1656 370 nihilum
1695 327 1816 372 adfici

309 395 448 449 aliquo
485 398 605 449 pacto
643 396 792 450 potest,
833 395 930 450 quia
968 395 1250 438 substantiam
1289 408 1370 438 non
1408 396 1544 446 habet,
1586 408 1660 438 nec
1700 396 1814 451 deus,

308 464 407 519 quia
447 465 700 507 detrimenta
739 477 821 507 non
861 465 990 507 sentit
1029 467 1306 519 augmentaue
1345 476 1425 506 non
1459 464 1621 518 recipit.
1673 464 1818 507 adfici-

309 534 435 574 untur
475 534 614 575 autem
655 533 804 585 media,
838 533 948 575 sicut
980 546 1105 588 supra
1136 534 1294 576 dictum
1326 535 1404 588 est,
1436 533 1503 575 uel
1530 532 1715 586 profectu
1746 534 1816 575 uel
1848 549 1865 575 5

308 601 482 644 defectu.
537 602 647 643 enim
686 615 782 644 uero
828 602 1029 656 quidquid
1075 602 1267 645 adficitur
1311 603 1483 656 patitur,
1529 604 1571 643 et
1616 601 1818 655 quidquid

305 670 467 723 patitur
521 683 600 712 non
652 683 739 713 esse
790 670 910 713 deum
962 683 1081 712 nemo
1128 683 1322 714 sanorum
1368 671 1523 713 infitias
1569 671 1676 725 ierit,
1720 670 1817 724 quia

306 741 529 792 utrumque
570 739 714 780 mutuo
755 738 996 793 reciprocat,
1037 741 1084 780 ut
1122 751 1196 781 nec
1237 739 1439 782 mutabile
1486 739 1564 781 nisi
1603 737 1814 793 passibile,

305 818 382 849 nec
420 807 613 861 passibile
654 808 785 860 possit
824 820 909 849 esse
948 807 1030 849 nisi
1069 807 1288 849 mutabile.
1343 808 1451 861 quod
1497 809 1636 849 autem
1681 806 1817 860 philo·

306 875 527 929 sophorum
567 876 808 917 testimonio
847 875 1175 918 misericordiam
1214 879 1338 930 atque
1382 876 1589 918 iustitiam
1620 878 1661 917 et
1692 875 1814 917 istius
1830 889 1863 915 ιο

306 944 418 986 modi
448 944 558 987 bona
579 944 831 987 adfectiones
862 944 1073 999 passibilis
1098 945 1201 987 dicit
1224 958 1310 987 esse
1333 948 1543 988 creaturae
1565 947 1812 997 easdemque

304 1013 346 1055 in
386 1013 459 1055 deo
503 1013 793 1065 essentialiter,
838 1025 917 1055 non
955 1013 1265 1068 accessibiliter,
1307 1014 1418 1056 haud
1459 1014 1638 1055 intendit
1675 1013 1812 1055 animo

304 1082 386 1124 sibi
425 1083 555 1124 semet
595 1083 766 1124 aduersa
811 1082 1007 1135 proferre,
1049 1082 1145 1136 quia
1177 1082 1351 1125 adfectio
1384 1083 1561 1125 accessio
1608 1083 1683 1124 est.
1733 1093 1814 1124 non

303 1154 445 1193 autem
488 1151 645 1204 aliquid
691 1152 766 1193 deo
810 1151 983 1192 accidit:
1034 1151 1165 1205 igitur
1211 1151 1434 1193 adfectioni
1485 1163 1564 1193 non
1613 1150 1811 1192 subiacet.

305 1232 403 1262 nam
449 1220 648 1273 quidquid
694 1219 899 1272 adficitur,
945 1219 1162 1261 contrariis
1209 1219 1612 1273 congruentibusque
1657 1219 1813 1273 pariter
1828 1234 1862 1260 15

303 1288 520 1331 obnoxium
568 1289 810 1331 ambifariae
853 1288 1047 1330 subditur
1094 1289 1290 1341 passioni.
1333 1288 1523 1342 quocirca
1566 1288 1601 1329 si
1647 1300 1812 1330 summa

304 1357 505 1400 diuinitas
545 1358 675 1400 sensit
715 1358 992 1411 conpatientis
1032 1357 1214 1408 adfectu,
1261 1358 1389 1399 etiam
1428 1357 1560 1399 malae
1605 1355 1809 1410 passionis

302 1426 490 1468 subiacet
528 1427 708 1468 stimulo.
760 1427 932 1469 sensit
964 1427 1088 1469 dicis:
1131 1426 1274 1480 utique
1314 1426 1468 1468 sentire
1500 1427 1688 1468 accidens
1721 1426 1808 1467 eius

304 1496 381 1546 est,
413 1495 482 1548 qui
524 1499 620 1537 ante
660 1508 738 1537 non
779 1495 922 1537 sensit.
975 1495 1212 1537 aeternitati
1253 1496 1405 1548 autem,
1454 1496 1550 1548 quia
1580 1495 1812 1548 passionem

302 1563 460 1606 Christi
490 1564 738 1617 sempiterne
769 1564 908 1618 sciuit,
940 1567 986 1606 ut
1017 1564 1114 1617 pote
1151 1576 1275 1617 quam
1317 1564 1406 1618 ipsa
1438 1563 1652 1618 disposuit,
1676 1564 1860 1616 passi-20

303 1632 393 1674 onis
423 1633 608 1686 tempore
641 1632 738 1674 noui
768 1633 887 1685 nihil,
921 1633 1028 1686 quod
1060 1634 1209 1683 nosset,
1244 1645 1293 1674 ne
1325 1632 1459 1674 dicam
1491 1633 1599 1686 quod
1619 1633 1808 1681 sentiret,

303 1702 488 1743 accessit.

372 1895 391 1927 1
424 1894 529 1939 sicut]
563 1895 612 1928 sic
643 1895 696 1936 A,
738 1895 826 1928 item
858 1894 878 1929 b
1016 1897 1057 1929 ut
1094 1905 1159 1928 om.
1196 1893 1256 1929 M¹
1396 1894 1417 1929 3
1450 1894 1654 1929 substantia
1687 1894 1723 1931 R

299 1952 324 1986 4
359 1952 644 1996 augmentanaue
675 1951 711 1985 B
850 1953 983 1995 recepit
1020 1951 1189 1986 ABH¹R
1327 1952 1349 1985 5
1385 1951 1555 1997 profectu]
1590 1962 1651 1996 pro
1685 1952 1815 1987 affectu

302 2008 472 2044 Schottus
609 2008 629 2042 6
654 2018 778 2042 uerum
805 2011 891 2042 ante
916 2009 1009 2042 enim
1035 2018 1118 2042 uero
1143 2008 1228 2043 add.
1258 2008 1291 2044 G
1431 2009 1450 2042 7
1484 2009 1664 2064 saniorum
1695 2008 1725 2044 S

301 2078 439 2113 inficias
464 2078 547 2113 ierit
571 2078 675 2122 A2G,
716 2077 942 2112 inficiasserit
966 2077 1180 2119 A²BDEF,
1222 2077 1438 2112 inficiauerit
1461 2078 1555 2119 HL,
1598 2078 1814 2113 infitiauerit

302 2135 347 2179 S,
395 2135 533 2170 inficias
563 2135 672 2170 iuerit
702 2135 774 2170 PT
791 2135 888 2177 Sela,
937 2135 1101 2170 inficians
1131 2136 1201 2169 erit
1231 2135 1268 2175 0,
1317 2135 1417 2170 insiti
1443 2135 1576 2170 adserit
1608 2136 1661 2178 R,
1709 2135 1814 2171 dubi·

301 2194 393 2228 tarit
425 2193 587 2228 inficiens
619 2196 672 2227 est
703 2193 764 2235 M,
806 2193 904 2228 unde
936 2193 1115 2227 dubitarit
1140 2193 1357 2227 insufficiens
1382 2195 1437 2227 est
1467 2193 1487 2228 b
1625 2193 1721 2238 quia]
1755 2194 1813 2228 cui

301 2272 378 2307 Mb
527 2273 548 2308 8
585 2254 706 2308 msstuo
746 2273 776 2308 S
917 2273 1157 2318 reciprocatur
1194 2274 1266 2308 Mb
1414 2274 1453 2308 11
1494 2273 1601 2308 bonas
1641 2274 1675 2309 G
1713 2285 1811 2309 man.

299 2340 368 2365 rec.
554 2330 753 2365 affectionis
795 2331 872 2365 EF
1045 2330 1234 2375 passibiles
1274 2330 1308 2366 G
1483 2330 1690 2375 easdemque
1714 2331 1810 2373 'Mb,

301 2386 492 2432 eademque
528 2388 604 2422 rell.
638 2392 671 2422 et
705 2387 783 2422 Scri.
925 2389 967 2422 12
1004 2391 1067 2422 aut
1103 2388 1290 2430 ABER,
1332 2388 1421 2422 haut
1457 2387 1524 2423 LS
1661 2388 1703 2423 13
1741 2389 1811 2423 sibi

301 2444 425 2488 semet]
452 2444 596 2478 sibimet
621 2444 730 2478 HLS
867 2444 1014 2479 aduerso
1040 2445 1060 2479 b
1201 2445 1298 2488 quia]
1325 2444 1419 2479 enim
1445 2444 1531 2479 add.
1551 2444 1718 2480 Schottus

301 2501 425 2535 affecio
453 2501 486 2536 R
616 2502 658 2536 14
685 2501 818 2535 accedit
842 2502 929 2536 libri
948 2506 1098 2546 praeter
1129 2501 1245 2536 CGM
1370 2502 1447 2536 ideo
1478 2502 1507 2536 C
1631 2503 1672 2537 16
1699 2503 1813 2538 ambi-

300 2559 388 2594 farie
412 2559 608 2594 DEFMR
634 2558 806 2601 editores,
847 2558 1037 2594 ambifaria
1066 2560 1099 2594 G
1241 2559 1280 2593 17
1314 2559 1424 2593 sentit
1455 2559 1505 2593 Β2
1644 2560 1811 2595 affectum

301 2639 374 2674 AB
516 2640 558 2674 18
589 2639 749 2684 stimulo]
783 2640 921 2674 cumulo
953 2639 997 2673 M
1029 2641 1135 2682 (corr.
1168 2641 1210 2674 ‘m
1241 2641 1369 2684 viam.)
1404 2640 1439 2681 b,
1485 2617 1649 2674 stimulos
1688 2640 1720 2674 G

301 2697 389 2731 dicit
417 2697 453 2731 R
594 2697 759 2731 accedens
792 2696 975 2732 ABHRS
1113 2697 1154 2731 19
1179 2697 1273 2742 quia]
1300 2706 1388 2741 quae
1414 2697 1459 2731 M
1485 2697 1591 2740 (corr.
1619 2698 1658 2731 in
1683 2701 1809 2742 mary.)

301 2754 320 2788 b
459 2754 504 2788 20
529 2756 570 2788 ut
595 2756 678 2798 pute
703 2754 739 2790 R
878 2755 952 2799 ipse
980 2755 1013 2790 R
1152 2755 1351 2800 passionem
1380 2754 1414 2789 G
