1884 2998
253 139 308 182 10
807 137 968 174 Fausti
991 119 1199 175 Reiensis

250 265 535 308 nonnullas
565 263 884 319 spirituales
916 277 1027 307 esse
1057 266 1292 321 naturas,
1325 269 1382 309 ut
1412 267 1530 309 sunt
1559 268 1754 322 angeli,

251 334 560 388 archangeli
592 334 904 388 ceteraeque
934 335 1194 389 uirtutes,
1225 336 1343 389 ipsa
1365 348 1565 389 quoque
1586 337 1757 381 anima

249 405 441 444 nostra
470 402 556 444 uel
587 405 731 444 certe
762 415 855 445 aer
887 403 993 445 iste
1026 403 1278 455 subtilis,
1314 405 1489 446 tamen
1520 404 1757 459 incorpo-
1824 446 1827 449 Α

250 483 368 513 reae
414 471 730 513 nullatenus
776 472 1146 514 aestimandae
1192 476 1327 515 sunt.
1380 472 1572 515 habent
1618 474 1756 515 enim

249 541 529 582 secundum
574 554 624 583 se
665 553 873 594 corpus,
913 553 1009 594 quo
1047 542 1377 593 subsistunt,
1419 543 1550 584 licet
1590 542 1755 584 multo
1784 558 1801 584 5

251 612 298 650 et
349 609 842 663 inconparabiliter
901 610 1141 658 tenuius,
1203 623 1351 663 quam
1402 613 1583 652 nostra
1633 612 1757 653 sunt

250 690 466 731 corpora
506 679 791 719 secundum
834 678 1065 732 apostoli
1121 679 1443 721 sententiam
1495 680 1754 721 dicentis:

250 750 299 788 et
331 759 544 800 corpora
575 747 838 789 caelestia
878 750 927 789 et
960 759 1184 801 corpora
1214 748 1510 790 terrestria.
1563 749 1755 801 quibus

249 828 339 869 pro
381 815 667 857 manifesto
699 815 997 869 conligitur
1038 816 1177 858 nihil
1218 829 1333 858 esse
1364 819 1755 871 incorporeum,

249 884 355 926 nisi
386 885 552 927 solum
585 885 744 934 deum,
779 888 829 926 et
860 885 1058 927 idcirco
1088 885 1195 939 ipsi
1225 885 1583 928 tantummodo
1607 897 1804 938 possem

248 953 614 1006 penetrabiles
645 966 818 996 omnes
851 953 1219 1010 <spirituales>
1254 958 1407 1008 atque
1444 954 1756 996 intellectu-

249 1022 360 1064 ales
392 1034 501 1064 esse
532 1022 879 1064 substantias.
913 1034 1015 1075 quae
1042 1035 1136 1064 cum
1158 1023 1218 1064 ita
1239 1023 1336 1074 sint,
1370 1023 1498 1065 obicis
1530 1023 1633 1064 mihi
1664 1023 1755 1064 ideo

249 1090 436 1133 animam
466 1104 547 1133 non
580 1104 668 1133 esse
699 1103 948 1145 corpoream,
983 1092 1093 1145 quia,
1125 1093 1173 1133 ut
1204 1092 1364 1133 dictum
1397 1093 1472 1142 est,
1506 1104 1580 1134 nec
1612 1092 1757 1134 localis

247 1159 306 1201 sit
336 1172 410 1202 nec
442 1159 644 1213 qualitate
675 1162 748 1202 aut
779 1161 1016 1213 quantitate
1047 1159 1266 1203 subsistat.
1317 1161 1426 1213 quod
1449 1160 1563 1202 cuius
1585 1161 1757 1214 periculi

248 1229 304 1270 sit
334 1229 395 1270 ita
436 1231 601 1270 credere
642 1230 685 1270 in
727 1229 1074 1282 subsequentibus
1115 1229 1490 1270 demonstrabitur:
1523 1242 1630 1271 nunc
1660 1240 1757 1271 uero
1771 1247 1805 1274 15

247 1298 291 1339 in
329 1298 406 1340 hoc
445 1299 647 1340 tractatus
686 1298 816 1339 nostri
858 1299 971 1339 statu
1007 1297 1154 1339 habita
1182 1297 1435 1339 discussione
1467 1298 1677 1351 pendebit,
1709 1300 1757 1339 ut

247 1366 284 1408 si
330 1379 405 1408 nec
450 1367 595 1408 localis
635 1368 697 1425 sit¹
728 1379 804 1408 nec
846 1367 1072 1420 quantitati
1113 1367 1340 1420 subiaceat,
1381 1379 1469 1409 esse
1509 1379 1600 1409 eam
1645 1367 1758 1409 haud

248 1436 371 1478 dubie
403 1436 687 1489 incorpoream
721 1437 1006 1491 concedamus
1039 1438 1073 1478 si
1096 1449 1191 1479 uero
1214 1449 1303 1479 eam
1325 1436 1757 1478 demonstrauerimus

383 1593 405 1628 8
440 1594 458 1629 Ι
484 1593 646 1628 Corinth.
674 1595 727 1636 15,
752 1594 799 1629 40

319 1743 338 1777 1
376 1751 450 1776 esse
482 1741 598 1786 spirit.
632 1742 701 1776 Ma
847 1741 868 1776 2
906 1742 1081 1786 ceterique
1118 1742 1153 1777 R
1292 1742 1313 1776 3
1351 1742 1556 1787 incorporea
1592 1743 1671 1778 EF

245 1799 268 1833 4
299 1799 543 1833 aestimandae
575 1798 662 1842 RZ,
702 1798 938 1833 existimanda
963 1797 1048 1840 EF,
1089 1798 1347 1833 existimandae
1374 1800 1450 1833 rell.
1590 1800 1612 1834 5
1638 1811 1757 1836 secun-

245 1857 542 1901 dum—corpora
567 1867 632 1892 om.
658 1856 718 1892 Μ1
836 1867 984 1901 corpora
1007 1856 1098 1891 M³b
1217 1856 1310 1901 quod
1335 1857 1380 1898 Β,
1422 1856 1551 1901 quibus
1575 1857 1666 1892 M³b

245 1913 449 1948 subsistant
484 1914 793 1950 ABGHM³RSb
933 1914 955 1948 6
987 1913 1107 1948 tenuis
1140 1914 1192 1958 R,
1235 1914 1369 1949 tenuris
1404 1914 1448 1956 S,
1488 1916 1611 1949 tenuia
1645 1916 1665 1951 b

245 1994 266 2028 7
299 1995 457 2029 dicentes
490 1994 525 2029 Z
661 1995 682 2029 9
714 2005 738 2041 p
762 1994 956 2030 manifesto
982 1995 1031 2037 Z,
1073 1988 1252 2039 p⁰nifesto
1277 1994 1341 2037 M,
1380 1995 1540 2039 profecto
1564 1996 1760 2031 manifesto

241 2053 287 2096 1³²
429 2053 473 2087 10
503 2052 620 2087 solum
654 2053 760 2087 deum
791 2052 863 2088 Ma
1010 2052 1126 2097 posse]
1161 2061 1223 2096 per
1254 2062 1291 2086 se
1323 2051 1497 2088 Canisz'us
1530 2057 1564 2088 et
1589 2053 1761 2090 Schottus

245 2109 386 2145 additis
411 2111 514 2145 uncis
630 2111 671 2145 11
691 2110 897 2155 spirituales
915 2109 1046 2144 addidi
1064 2111 1108 2144 'ex
1131 2109 1328 2152 Cassiano,
1364 2120 1429 2146 om.
1450 2110 1536 2145 libri
1650 2113 1759 2156 atque

246 2167 283 2202 Z
302 2167 493 2210 Ganisius,
534 2178 600 2202 om.
632 2167 704 2202 Ma
851 2168 894 2203 12
925 2167 1073 2212 opponis
1097 2165 1208 2201 obicis
1232 2166 1511 2209 ABEFHRS,
1551 2168 1698 2212 opponis
1722 2169 1759 2203 et

245 2246 358 2282 obicis
391 2247 577 2289 Schottus,
632 2223 758 2282 ‘Sssi'ss‘iss‘
779 2248 827 2283 M
862 2247 1023 2292 (opponis
1058 2247 1177 2293 ylossa
1214 2250 1267 2283 est
1303 2257 1402 2282 man.
1438 2250 1600 2291 recem),
1648 2248 1760 2283 obicit

246 2304 418 2340 canisius
546 2305 590 2340 13
614 2305 855 2350 incorpoream
885 2305 1056 2341 Ganisius
1184 2305 1228 2339 14
1251 2304 1420 2349 qualitati
1445 2304 1559 2339 BEF
1681 2306 1757 2351 aut]

245 2372 310 2397 nec
342 2362 379 2398 R
518 2362 718 2406 quantitati
749 2362 867 2397 BEF
1009 2362 1229 2397 subsistatur
1260 2361 1388 2398 BF¹R
1532 2362 1623 2397 cui'll
1657 2363 1696 2406 (i.
1728 2374 1757 2398 e.

244 2419 346 2454 cuius
380 2429 424 2454 em
457 2421 550 2463 cum)
582 2419 643 2462 M,
684 2419 786 2454 cuius
817 2419 913 2454 modi
952 2420 971 2454 b
1111 2419 1270 2465 periculu
1306 2419 1380 2454 Mb
1521 2420 1565 2454 15
1599 2419 1653 2454 ita
1689 2430 1758 2456 om.

244 2477 322 2512 Mb
439 2477 720 2512 credere-uero
739 2487 805 2511 om.
830 2478 862 2510 Z
881 2477 1052 2512 canisius
1169 2477 1320 2521 credere]
1339 2476 1452 2511 dicere
1477 2476 1498 2510 b
1616 2476 1759 2512 demon-

245 2535 385 2569 stratur
420 2534 544 2569 AB¹R
696 2535 739 2569 16
773 2534 840 2569 hac
881 2534 1067 2577 Canisius,
1108 2533 1215 2569 huius
1251 2534 1326 2569 Mb
1473 2535 1633 2568 tractatu
1672 2534 1757 2577 Mb,

246 2592 365 2626 status
390 2591 424 2625 Z
439 2591 611 2626 Canisius
727 2591 842 2625 nostri
868 2601 933 2625 om.
959 2591 1032 2625 Mb
1149 2593 1248 2625 statu
1274 2590 1393 2633 ABF,
1430 2600 1496 2625 om.
1521 2590 1646 2629 MZb,
1686 2593 1758 2626 sta-

243 2651 304 2682 tus
341 2647 519 2683 GEHRS
534 2647 614 2683 Sch.
777 2647 996 2683 discursione
1036 2648 1108 2683 Mb
1273 2648 1314 2682 17
1358 2647 1564 2692 quantitate
1607 2647 1757 2689 HRSZ‚

244 2704 414 2748 qualitati
446 2704 618 2740 Canisius
751 2704 945 2749 subiaceat]
972 2705 1092 2739 anima
1116 2704 1202 2740 add.
1227 2704 1302 2739 Mb
1442 2704 1486 2739 18
1510 2704 1755 2750 concedamus]

246 2761 365 2797 credas
384 2762 555 2797 Schottus
696 2762 939 2797 demonstrare
957 2772 1034 2796 eam
1052 2762 1101 2806 Z,
1140 2762 1384 2797 demonstraro
1401 2772 1476 2796 eam
1495 2761 1666 2797 Canisius
