1884 2998
613 96 671 130 De
695 96 822 130 statu
847 95 1022 130 animae
1048 95 1108 130 III
1132 96 1165 131 5.
1558 96 1635 140 161

861 287 918 341 V.

137 423 247 463 QVIA
292 423 422 454 SICVT
462 422 607 452 ANIMA
652 422 962 453 INLOCALITER
1006 422 1217 454 DISCEDIT
1258 424 1287 453 A
1333 423 1539 455 CORPORE
1580 427 1641 456 VT

135 492 375 523 MORIATVR
406 490 599 529 CORPVS,
631 490 698 521 SIC
729 491 964 522 DIVINITAS
995 491 1175 522 CHRISTI
1205 491 1513 523 INLOCALITER
1542 494 1637 525 DIS-

208 559 359 590 CESSIT
390 559 448 589 V'r
480 558 759 589 MORERETVR
790 558 939 589 FILIVS
970 559 1050 589 DEI
1081 559 1298 590 CHRISTVS
1329 560 1379 590 IN
1409 560 1568 592 CRVCE.

103 669 119 695 5
194 650 272 693 Sed
303 651 417 693 istud
450 650 682 706 quamlibet
713 650 868 692 clareat
907 650 1127 704 intellegas
1158 662 1302 704 necne,
1335 650 1638 694 dubitauerim:

135 718 241 762 illud
282 721 389 773 quod
429 730 474 760 eo
513 730 642 772 usque
683 719 746 761 est
783 718 985 773 simplicis
1025 718 1353 773 consequentiae,
1395 721 1443 761 ut
1480 720 1638 775 agnitio

135 788 223 830 eius
262 800 342 830 non
384 787 517 830 dicam
558 786 600 828 in
639 789 834 841 promptu
873 787 940 839 sit,
979 787 1050 829 sed
1081 799 1132 829 ne
1161 786 1286 828 uitari
1318 787 1484 841 quidem
1514 788 1638 830 facile

134 855 285 906 ualeat,
331 855 391 898 sic
445 856 631 908 elapsum
678 855 756 897 tibi
802 855 903 897 satis
948 855 1091 897 mirari
1130 867 1299 909 neque0.
1349 855 1450 898 dicis
1495 867 1640 910 corpus

135 922 293 966 Christi
334 937 428 966 cum
465 923 655 978 patibulo
693 924 904 966 sublatum
945 925 1008 966 est
1045 924 1274 966 animatum
1313 924 1451 975 fuisse,
1500 924 1639 966 exani-

88 1013 122 1037 ιο
135 1005 250 1034 mum
300 1005 397 1035 uero
439 1006 534 1036 cum
584 992 769 1046 sepulcro
810 992 1077 1043 mandatum,
1122 993 1370 1046 propterque
1414 991 1493 1034 hoc
1532 993 1640 1047 quod

133 1063 367 1116 negandum
427 1076 506 1105 non
566 1066 628 1104 est
688 1062 891 1104 acuminis
952 1063 1195 1117 argumento
1244 1062 1309 1103 tui
1366 1061 1512 1104 localis
1563 1062 1642 1104 erit

133 1132 310 1182 animus,
369 1131 469 1185 quia
527 1130 736 1173 uiuificare
796 1129 952 1172 Christi
1013 1141 1157 1184 corpus
1216 1129 1498 1172 alternauerit.
1561 1130 1637 1172 sub

133 1200 257 1242 huius
316 1212 410 1255 ergo
469 1200 716 1242 necessitate
775 1198 1006 1241 sententiae
1064 1202 1186 1242 deum
1254 1210 1413 1253 quoque
1471 1197 1641 1252 profano

133 1282 236 1312 ausu
296 1270 472 1312 localem
533 1271 762 1319 credemus,
824 1268 894 1322 qui
943 1270 984 1310 et
1033 1268 1077 1309 in
1125 1267 1309 1317 Christo,
1363 1279 1456 1309 cum
1506 1268 1638 1309 cruci-

89 1358 121 1384 15
134 1339 236 1381 fixus
269 1341 345 1390 est,
378 1338 461 1380 fuit
492 1338 532 1380 et
573 1339 746 1380 eundem
777 1336 821 1378 in
851 1336 1038 1390 passione
1079 1335 1311 1390 dereliquit.
1361 1336 1448 1390 ipse
1478 1347 1638 1390 quoque

133 1408 325 1450 dominus
347 1410 396 1451 de
417 1419 536 1450 cruce
559 1406 778 1450 clamauit:
812 1406 936 1448 deus
967 1418 1130 1457 meus,
1163 1418 1317 1460 quare
1347 1418 1421 1447 me
1450 1406 1637 1448 dereli—

133 1477 333 1531 quisti?
363 1476 400 1519 si
431 1477 543 1518 enim
581 1487 662 1518 non
707 1475 909 1529 discessit,
951 1486 1030 1516 non
1066 1474 1299 1528 dereliquit,
1333 1474 1369 1515 si
1399 1474 1638 1527 dereliquit,

133 1546 277 1600 utique
307 1547 511 1588 discessit.
563 1545 678 1587 obice
708 1557 818 1586 nunc
843 1544 971 1597 igitur
992 1543 1249 1586 localitatem
1272 1543 1360 1585 deo,
1414 1542 1636 1597 contiguus

134 1615 329 1657 uidelicet
359 1615 512 1669 gradus
545 1617 620 1668 est,
652 1614 700 1655 ut
730 1615 780 1655 ab
810 1612 961 1654 iniuria
1001 1611 1290 1654 similitudinis
1321 1610 1387 1653 dei
1419 1611 1564 1653 feraris
1595 1611 1638 1652 in

87 1701 121 1725 κο
135 1684 258 1725 deum
289 1684 331 1725 et
361 1682 432 1736 qui
462 1683 640 1724 infamas
671 1681 897 1734 imaginem
928 1680 1119 1722 lacessias
1151 1682 1374 1722 auctorem.
1416 1680 1520 1722 sicut
1543 1691 1638 1733 ergo

133 1753 364 1795 inlocalitas
404 1752 478 1793 deo
519 1763 603 1792 non
638 1749 849 1800 adimitur,
882 1749 990 1803 quod
1020 1749 1232 1790 hominem
1265 1747 1477 1791 Christum
1509 1747 1636 1789 disce-

135 1821 265 1863 dendo
297 1820 494 1872 deseruit,
526 1819 587 1861 sic
608 1820 746 1861 anima
775 1816 1051 1860 inlocalitatis
1073 1816 1340 1871 priuilegium
1360 1828 1441 1858 non
1462 1815 1637 1867 amittit,

135 1904 228 1933 cum
258 1902 424 1944 corpore
453 1888 654 1931 moriente
685 1887 875 1930 discedit.

231 2072 234 2077 ,
269 2044 291 2078 8
316 2043 361 2078 cf.
386 2053 468 2087 pag.
497 2042 549 2084 13,
575 2042 620 2076 15
757 2041 803 2077 16
828 2040 961 2075 Matth.
987 2038 1041 2080 27,
1066 2037 1129 2081 463
1175 2037 1283 2071 Marc.
1310 2036 1363 2078 15,
1388 2035 1434 2070 34

201 2184 222 2218 5
247 2182 446 2228 quamlibet
471 2192 537 2217 om.
563 2182 599 2216 A
722 2181 855 2215 clareat
880 2179 1081 2224 quamlibet
1104 2179 1140 2214 R
1263 2189 1325 2212 nec
1351 2176 1636 2211 dedubitauerim

133 2240 192 2282 M,
233 2251 295 2275 nec
320 2239 560 2274 dubitauerim
583 2237 698 2273 RS¹b
837 2238 858 2272 6
889 2237 994 2282 illud]
1024 2247 1106 2271 uero
1130 2236 1215 2271 add.
1243 2234 1416 2270 Galland.
1556 2243 1641 2267 con·

133 2298 348 2343 sequentiae]
374 2296 642 2341 intellegentiae
661 2297 707 2340 12²
835 2294 959 2340 agnito
986 2294 1016 2329 S
1143 2295 1162 2329 7
1187 2294 1349 2338 prompto
1374 2292 1428 2333 A,
1465 2292 1565 2334 proto
1590 2289 1635 2332 B,

132 2358 238 2401 protu
274 2355 327 2398 R,
368 2356 474 2400 pretu
510 2353 568 2395 H,
625 2352 812 2398 propatulo
848 2352 868 2385 b
905 2362 951 2387 ea:
987 2352 1105 2396 ylossa
1138 2351 1180 2385 in
1215 2350 1262 2384 M
1296 2348 1547 2392 superscripta

133 2412 278 2457 quidest
301 2412 337 2446 A
451 2411 474 2444 8
499 2410 656 2453 dicisque
682 2409 772 2449 Mb,
810 2408 897 2442 dicis
916 2409 1038 2452 itaque
1065 2406 1241 2443 Galland.
1360 2405 1402 2439 10
1425 2403 1635 2438 mundatum

133 2469 170 2504 R
308 2468 353 2502 14
382 2468 557 2503 credimus
582 2466 667 2501 libri
684 2469 838 2510 praeter
867 2465 978 2500 GGM
1001 2468 1034 2499 et
1060 2464 1136 2499 Sch.
1277 2463 1319 2497 16
1351 2461 1437 2495 deus
1461 2471 1556 2494 meus
1582 2460 1637 2494 bis

135 2524 165 2560 S
277 2525 320 2559 18
343 2524 525 2559 localitem
549 2523 623 2558 AG
737 2522 926 2556 continuus
946 2521 990 2564 G,
1028 2520 1243 2564 continguus
1259 2518 1307 2552 M
1418 2516 1465 2551 20
1488 2516 1635 2551 lacessas

134 2582 253 2617 H²M²
278 2582 449 2625 editores,
488 2582 679 2615 lacessasas
705 2578 735 2614 S
867 2578 909 2612 21
937 2577 1148 2612 admittitur
1170 2573 1363 2610 ABDEF
1497 2573 1541 2606 22
1565 2572 1637 2608 dis-

135 2639 246 2673 seruit
270 2639 306 2673 A

198 2774 263 2810 XI.
1453 2765 1496 2799 11
