1884 2998
605 97 665 134 De
688 100 812 134 statu
836 100 1008 135 animae
1039 100 1058 136 Ι
1083 101 1117 138 3.
1553 105 1610 149 29

169 222 248 265 Sed
279 222 377 276 quid
410 234 518 265 nunc
548 234 621 278 ego
657 223 707 265 de
735 223 904 266 adfectu
934 225 1133 267 disseram
1155 225 1442 281 eundemque
1431 229 1610 283 inpassi-

111 277 239 333 bilem
271 290 354 333 fore
387 290 634 345 disputando
667 292 922 347 conuincam,
955 305 1050 335 cum
1081 294 1115 335 is
1147 295 1230 348 ipse
1262 296 1327 337 cui
1359 298 1608 339 contradici-

112 371 219 410 mus,
266 358 376 400 haud
422 359 543 401 dubie
589 359 724 401 fassus
769 359 825 402 sit
871 326 1065 402 cr’ucifixo
1112 361 1268 404 homini
1317 363 1438 406 deum
1483 363 1608 407 fuisse

113 429 388 480 conpassum?
429 427 639 481 quidnam,
674 440 835 481 quaeso,
876 429 988 470 istud
1020 431 1102 471 est:
1140 442 1236 472 non
1269 431 1443 474 sensit
1474 433 1609 485 pati-

82 496 252 538 5entis
284 508 461 547 sensu,
502 495 588 537 sed
629 496 800 538 sensit
836 498 1206 550 conpatientis
1238 499 1480 541 adfectu?
1512 501 1609 554 quid

114 566 175 607 est
216 566 405 615 sensit,
445 564 596 618 quidue
628 576 723 606 non
754 565 956 608 sensit?
997 568 1068 607 aut
1099 579 1177 619 quo
1208 566 1327 608 modo
1359 579 1501 620 passus
1534 572 1609 619 est,

113 634 148 674 si
187 645 266 675 non
306 632 463 675 sensit?
501 632 702 685 numquid
739 633 774 674 si
814 633 1017 687 quispiam
1058 634 1189 676 dicat:
1228 635 1459 677 ambulat
1490 636 1608 687 ille,

112 704 161 744 et
193 702 286 743 ille
318 701 631 754 coambulat,
673 703 768 742 aut:
809 702 1046 755 loquitur
1084 703 1200 753 ille,
1235 704 1284 744 et
1313 703 1409 745 1116
1442 706 1611 747 conlo-

112 771 313 824 quitur,
368 782 500 812 nonne
547 771 588 811 et
641 771 956 823 conloquentem
1015 771 1128 824 loqui
1186 773 1229 814 et
1275 772 1608 815 coambulantem

66 840 327 881 inambulare
358 838 592 892 significat?
623 841 694 880 aut
727 839 761 880 si
783 840 874 893 quis
897 841 1002 882 aiat:
1035 842 1270 882 mortuus
1300 840 1398 882 ille
1429 843 1525 894 est,
1559 843 1612 883 et

112 908 207 949 ille
239 907 619 958 commortuus,
653 920 784 949 nonne
814 910 1035 962 utrumque
1068 910 1276 950 mortuum
1308 909 1435 951 fuisse
1466 910 1611 951 confir-

113 978 229 1018 mat?
280 989 376 1019 nam
422 977 492 1030 qui
539 977 821 1027 commoritur,
874 978 1015 1030 utique
1062 978 1249 1020 moritur.
1310 990 1405 1031 ergo
1453 980 1494 1019 et
1540 978 1610 1030 qui

113 1045 360 1098 conpatitur,
413 1046 555 1098 utique
615 1045 786 1098 patitur.
857 1057 975 1098 passa
1027 1050 1089 1087 est
1138 1045 1276 1099 igitur,
1328 1046 1362 1087 31
1413 1058 1611 1100 conpassa

114 1113 325 1164 diuinitas,
360 1125 454 1168 ergo
487 1113 677 1156 fortassis
710 1116 749 1155 et
772 1115 951 1164 mortua,
1001 1117 1071 1155 aut
1095 1115 1128 1155 si
1152 1114 1260 1156 istud
1283 1115 1407 1156 etiam
1429 1114 1610 1168 cogitatu

65 1198 99 1224 15
113 1181 230 1224 nefas
264 1185 348 1225 est:
381 1194 462 1224 non
495 1195 588 1237 ergo
620 1194 765 1236 passus
798 1185 861 1224 est
892 1183 1006 1233 deus,
1038 1182 1165 1236 igitur
1198 1195 1271 1224 neo
1293 1182 1488 1225 adfectus.
1541 1181 1611 1223 ubi

113 1252 176 1293 est
205 1263 313 1293 nunc
344 1251 616 1305 conpatientis
648 1251 867 1294 adfectus?

170 1332 270 1373 Post
302 1331 465 1379 subicit,
497 1331 595 1384 quid
624 1331 862 1385 prophetico
902 1332 1053 1386 spiritu
1094 1334 1283 1374 ueterum
1326 1331 1474 1385 quique
1519 1343 1611 1371 san-

114 1401 277 1441 ctorum
327 1400 604 1453 proterrendis
654 1400 966 1454 coercendisque
1026 1401 1245 1442 carnaliter
1295 1399 1611 1451 humanitusque

114 1467 368 1522 sapientibus
386 1468 541 1522 tropice
558 1467 909 1522 prophetauerint‚
928 1468 1117 1522 inquiens
1141 1470 1364 1521 scriptum:
1388 1468 1609 1516 domine,

67 1550 170 1580 2one
202 1536 254 1579 in
283 1537 364 1579 ira
395 1538 487 1579 tua
527 1549 717 1591 arguas
759 1549 854 1590 me,
901 1539 965 1579 et:
1002 1537 1204 1579 iurauit
1235 1537 1491 1586 dominus,
1524 1547 1614 1577 nec

114 1618 224 1648 eum
254 1604 570 1660 paenitebit.
620 1605 769 1648 abhinc
813 1605 1002 1659 superius
1053 1606 1180 1648 etiam
1231 1619 1302 1659 per
1351 1604 1611 1658 philosophos

113 1674 362 1716 accidentias
394 1674 467 1716 deo
498 1686 578 1717 non
610 1674 739 1716 obicit
770 1678 811 1716 et
845 1674 915 1715 hic
935 1688 1006 1728 per
1026 1675 1243 1728 prophetas
1266 1674 1393 1716 etiam
1415 1674 1611 1715 uitiorum

113 1744 380 1786 necessitates
426 1744 601 1798 inponit,
664 1745 759 1797 quia
809 1756 888 1793 res,
935 1755 1037 1797 quae
1082 1742 1311 1798 figuraliter
1357 1740 1612 1795 accipiendae

114 1814 223 1865 sunt,
270 1812 350 1854 nisi
397 1813 585 1855 sollerter
629 1813 738 1855 intro
784 1812 1069 1866 inspiciantur,
1117 1823 1198 1853 non
1239 1811 1290 1853 ad
1332 1810 1610 1853 uiuificantem

68 1898 101 1925 25
115 1881 309 1935 spiritum
332 1883 583 1934 peruenitur,
616 1883 687 1924 sed
718 1883 760 1923 in
793 1882 999 1924 occidente
1021 1881 1164 1922 littera
1184 1882 1426 1922 remanetur.
1479 1878 1613 1931 sequi-

233 2031 236 2033 ·
257 2023 298 2057 19
323 2022 455 2059 Psalm.
484 2023 515 2065 6,
542 2023 580 2066 2;
615 2023 670 2065 37,
696 2023 717 2057 2
853 2022 897 2057 20
922 2022 1051 2056 Psalm.
1080 2021 1155 2062 109,
1179 2021 1202 2055 4

184 2154 204 2188 2
236 2155 249 2189 1
276 2154 331 2189 1113
362 2154 398 2190 R
539 2164 642 2198 quem
669 2153 703 2189 G
840 2154 862 2188 3
888 2155 951 2187 aut
975 2152 1026 2195 R,
1067 2152 1154 2187 haut
1180 2152 1209 2187 S
1340 2151 1361 2185 4
1386 2149 1613 2194 conpassumll

115 2223 150 2259 R
289 2224 310 2257 5
335 2222 747 2267 conpatientis—sensit
770 2232 835 2256 om.
860 2221 930 2255 Mb
1069 2221 1090 2255 6
1115 2220 1220 2264 quiue
1248 2220 1277 2254 0
1411 2229 1613 2263 compassus

121 2291 154 2327 G
268 2293 290 2328 8
313 2284 502 2326 “ambulat
527 2291 557 2327 s
674 2291 717 2325 10
741 2280 815 2346 “iit
840 2290 883 2331 s,
923 2291 1008 2334 agat
1032 2289 1094 2330 M,
1135 2289 1186 2323 ait
1211 2288 1327 2329 Lm,
1369 2287 1464 2321 dicat
1489 2287 1523 2322 G

117 2361 156 2396 11
191 2360 386 2406 confirmat]
420 2361 655 2405 conprobatur
687 2358 913 2395 ABDEFP
1048 2358 1091 2392 13
1128 2357 1282 2403 patimur
1318 2357 1365 2391 M
1501 2355 1543 2389 14
1577 2356 1613 2389 et

115 2417 278 2453 fortassis
316 2418 469 2454 editores
630 2419 667 2452 at
699 2427 770 2461 pro
807 2418 869 2451 aut
905 2415 1073 2450 Schottus
1235 2414 1275 2448 18
1310 2412 1532 2457 proterendis
1568 2412 1615 2446 M

116 2477 225 2522 (corr.
258 2477 300 2511 in
328 2478 452 2521 mary.)
486 2475 564 2510 Sch.
704 2472 992 2516 cohercendisque
1024 2471 1090 2506 LS
1239 2469 1279 2504 19
1311 2469 1613 2513 prophetauerunt

118 2533 284 2568 Schottus
423 2533 469 2568 20
493 2543 554 2566 nec
579 2532 671 2576 eum]
699 2534 736 2566 et
760 2541 837 2565 eum
864 2541 931 2564 11011
961 2529 994 2565 G
1131 2528 1172 2562 21
1201 2527 1244 2561 ad
1270 2526 1352 2560 hinc
1375 2525 1411 2561 R
1536 2524 1612 2568 per}

116 2601 182 2627 om.
213 2591 350 2632 AMR,
390 2600 453 2635 pro
489 2590 580 2633 ΒΗ,
622 2599 683 2634 pro
721 2589 750 2623 G
886 2586 1112 2631 philosophus
1145 2585 1180 2618 A
1316 2583 1360 2617 22
1392 2581 1612 2617 accedentias

117 2659 162 2693 H
294 2659 338 2693 23
370 2659 465 2703 quia]
492 2669 552 2702 per
585 2658 619 2692 L
758 2657 802 2691 24
827 2656 977 2690 sollicite
1003 2655 1086 2689 libri
1104 2656 1251 2697 praeter
1278 2651 1359 2687 GM
1383 2654 1416 2685 et
1442 2650 1519 2685 Sela.

117 2716 357 2760 inspiciuntur
385 2717 418 2752 G
558 2714 802 2759 inspiciantur]
830 2713 885 2747 his
903 2712 986 2747 add.
1013 2711 1053 2746 8²
1191 2709 1236 2743 25
1261 2709 1460 2743 manebitur
1487 2706 1521 2741 G
