1884 2998
249 164 333 195 VIII

247 277 389 319 hibere
418 277 671 330 reputamus.
717 274 846 316 simili
878 274 1018 328 utique
1054 276 1172 316 modo
1202 275 1251 316 de
1280 273 1451 327 reliquis
1481 273 1593 326 10013,
1625 275 1742 317 1101111

251 345 344 396 115,
377 345 417 387 5.
459 345 551 395 146,
581 345 620 385 3.
663 342 836 394 188,16
868 343 945 384 010.
992 342 1260 384 iudicandum
1299 343 1373 392 est,
1424 354 1549 396 quare
1589 343 1743 385 codicis

248 414 515 456 Tornacensis
536 414 738 454 iacturam
759 424 837 453 non
862 412 1136 465 deploramus,
1160 423 1252 453 cum
1269 412 1461 454 accurata
1479 413 1564 453 eius
1583 413 1743 465 praesto

248 481 364 524 nobis
395 482 450 524 sit
479 482 617 535 imago
648 481 771 523 codex
800 480 1061 534 Reginensis.

194 575 228 616 P
306 572 426 614 Alter
446 573 585 614 autem
608 572 766 616 Schotti
787 571 906 621 liber,
931 572 1053 613 codex
1073 569 1374 622 Plautinianus,
1397 570 1598 612 minorem
1617 570 1745 612 etiam

115 2345 226 2372 Burthii

129 2379 218 2407 editio

248 641 372 683 habet
410 640 702 683 auctoritatem
743 640 783 681 et
813 640 921 681 inter
957 639 1119 681 codices
1160 638 1378 681 Claudiani
1408 639 1585 680 maxime
1616 639 1744 680 inter-

246 710 405 763 polatos
436 710 675 751 referendus
708 711 783 750 est.
833 712 920 750 arte
952 707 1062 749 enim
1084 707 1272 749 cohaeret
1293 720 1386 749 cum
1418 708 1550 758 DEF,
1573 707 1743 760 quibus-

246 777 340 820 'cum
380 791 413 820 e.
445 791 483 832 g.
515 777 581 820 his
616 777 715 819 locis
748 776 973 819 consentit:
1014 788 1107 829 pag.
1142 777 1207 827 19,
1243 774 1296 816 10
1327 789 1347 817 e
1370 775 1592 829 praefato]
1616 788 1745 828 prae-

248 846 463 901 fationem,
508 847 575 898 23,
608 847 635 889 5
666 846 891 899 audaciae]
921 845 1160 897 audaciam,
1208 845 1276 895 23,
1311 845 1363 887 15
1396 846 1592 897 propter]
1622 844 1745 894 inter,

247 915 322 969 24,
369 915 395 956 2
435 914 745 971 praesentium]
782 917 1170 968 praesumentium,
1231 913 1308 964 24,
1355 913 1381 955 6
1435 913 1605 968 animo]
1650 912 1747 953 ani-

247 995 373 1033 mum,
415 982 481 1030 38,
514 984 539 1024 6
578 981 722 1038 rosae]
756 982 870 1034 flore,
907 982 976 1032 42,
1011 982 1033 1023 1
1066 995 1154 1023 non
1192 994 1289 1033 om.,
1328 980 1396 1032 51,
1438 981 1493 1023 25
1529 981 1746 1036 dubitare]

246 1052 409 1103 nutare,
449 1051 516 1101 53,
549 1051 605 1092 20
642 1051 858 1092 habilitate
895 1051 986 1105 sui]
1030 1050 1244 1091 habitante
1288 1050 1348 1105 ui,
1389 1049 1457 1104 55,
1498 1050 1549 1090 12
1580 1049 1747 1102 utiquc]

246 1119 468 1173 utrimque,
501 1120 568 1172 62,
604 1120 656 1162 15
687 1120 929 1174 officinam]
959 1119 1158 1173 officium,
1181 1119 1247 1169 66,
1274 1121 1294 1160 1
1319 1118 1525 1161 aliorsum
1545 1118 1745 1172 mentem]

248 1187 332 1229 alio
368 1201 539 1229 rursum
575 1191 763 1242 mentem,
806 1189 872 1242 73,
906 1188 931 1230 6
972 1188 1163 1243 labrum]
1202 1186 1330 1237 labro,
1373 1186 1466 1239 114,
1506 1186 1557 1228 18
1587 1185 1747 1241 solum]

247 1257 440 1308 solidum,
475 1257 570 1311 116,
604 1257 627 1298 7
658 1257 788 1312 quae]
818 1271 895 1311 que
925 1257 1013 1307 uia,
1050 1256 1143 1306 133,
1175 1257 1223 1297 17
1246 1255 1344 1310 etsi]
1366 1258 1414 1308 et,
1440 1256 1533 1306 151,
1559 1255 1608 1296 11
1636 1254 1746 1309 loca]

247 1325 348 1368 locis
369 1328 446 1370 etc.
469 1351 525 1356 —
546 1326 682 1379 Atque
712 1327 822 1367 inter
852 1326 977 1368 libros
1010 1326 1131 1367 DEF
1164 1326 1346 1379 proxime
1367 1324 1561 1366 accedere
1582 1325 1746 1365 uidetur

247 1394 538 1437 Plantinianus
584 1397 635 1437 ad
679 1394 864 1436 codicem
902 1395 1318 1448 Montepessulanum
1354 1393 1404 1442 D,
1445 1404 1620 1446 quocum
1663 1393 1747 1434 solo

248 1463 321 1506 has
353 1465 547 1505 lectiones
579 1464 704 1506 habet
725 1476 983 1506 communes:
1006 1463 1073 1514 37,
1097 1464 1123 1505 3
1144 1459 1434 1517 referendum]
1447 1460 1747 1514 perferendum

247 1533 336 1585 EF,
372 1532 673 1585 proferendum
695 1533 789 1584 DP,
823 1533 890 1584 67,
926 1531 977 1573 19
1010 1531 1146 1573 eodem
1167 1532 1258 1573 add.
1291 1532 1384 1582 DP,
1421 1531 1513 1584 176,
1542 1531 1561 1570 1
1592 1530 1749 1571 adstre-

240 1601 410 1655 puerit]
441 1601 714 1655 obstrepuerit
742 1603 833 1644 DP.
875 1614 969 1643 cum
991 1614 1088 1643 uero
1109 1600 1214 1642 liber
1244 1601 1281 1642 D
1304 1602 1414 1652 (cum
1437 1599 1485 1652 F)
1511 1599 1673 1641 minimi
1695 1599 1750 1640 sit

247 1670 385 1723 pretii,
426 1684 518 1711 eum
560 1683 641 1712 non
680 1673 771 1712 tam
809 1670 1033 1724 diligenter
1069 1668 1242 1720 excussi,
1274 1669 1322 1710 ut
1352 1667 1538 1722 singulas
1571 1679 1749 1722 quasque

248 1739 446 1780 minutias
477 1741 730 1791 adnotarem,
762 1751 888 1792 quam
919 1739 968 1781 ob
995 1752 1084 1780 rem
1106 1739 1257 1780 certius
1279 1736 1386 1779 ferre
1408 1736 1623 1788 iudicium,
1648 1749 1749 1777 num

249 1808 354 1850 forte
394 1810 514 1851 codex
556 1811 591 1852 D
629 1810 718 1863 ipse
758 1809 813 1851 sit
853 1808 1012 1851 Schotti
1050 1808 1154 1849 liber
1183 1806 1489 1857 Plantinianus,
1523 1817 1604 1846 non
1636 1804 1746 1846 licet.

250 1878 432 1919 ceterum
463 1879 545 1920 DP
576 1878 732 1920 nullius
765 1890 850 1920 esse
880 1878 1004 1932 pretii
1035 1876 1419 1919 commemorauisse
1451 1874 1619 1916 sufficit.

304 1981 516 2023 Hactenus
548 1981 595 2023 de
627 1980 789 2023 Schotti
820 1980 1040 2023 codicibus.
1087 1979 1266 2021 editione
1296 1978 1386 2031 ipsa
1416 1977 1538 2019 illum
1569 1977 1748 2018 multum

250 2049 471 2091 contulisse
509 2051 559 2092 ad
599 2051 761 2092 textum
801 2049 1018 2092 Claudiani
1063 2047 1367 2090 emendandum
1413 2047 1483 2088 uix
1528 2045 1750 2099 quisquam

249 2118 417 2160 infitiari
456 2118 623 2172 poterit.
662 2118 838 2172 augetur
881 2118 1009 2160 etiam
1051 2116 1241 2159 editionis
1281 2115 1444 2157 utilitas
1477 2115 1585 2156 notis
1617 2113 1750 2154 textui

249 2186 434 2237 adiectis,
476 2189 622 2241 quibus
654 2200 733 2229 non
764 2187 897 2229 solum
929 2185 1115 2228 codicum
1146 2185 1370 2239 scripturas
1401 2183 1598 2226 Schottus
1629 2194 1750 2236 expo—

249 2255 346 2306 suit,
377 2268 522 2297 uerum
552 2256 680 2298 etiam
711 2256 913 2310 quaedam
945 2266 1017 2297 suo
1047 2254 1183 2296 Marte
1213 2254 1323 2295 recte
1354 2251 1589 2306 temptauit.

308 2348 443 2401 Digna
475 2348 598 2389 etiam
631 2360 735 2401 quae
766 2349 1110 2389 commemoretur
1132 2348 1195 2387 est
1226 2345 1350 2388 editio
1372 2343 1558 2385 Barthii:
1601 2340 1751 2384 Sancti

243 2417 389 2470 patris
425 2416 560 2458 nostri
601 2416 840 2458 Claudiani
877 2415 1048 2458 Ecdicii
1087 2413 1294 2456 Mamerti
1332 2413 1380 2455 de
1420 2413 1537 2453 statu
1581 2409 1751 2451 animae

249 2484 348 2525 libri
378 2485 472 2526 HI.
508 2485 673 2538 Oaspar
702 2484 918 2526 Barthius
947 2482 1161 2536 exemplar
1189 2481 1412 2536 uulyatum
1431 2479 1576 2533 edidit,
1599 2478 1750 2519 uarias

251 2553 363 2604 (sici)
395 2556 618 2595 msstorum
648 2567 744 2595 orae
775 2552 986 2607 appinxit,
1018 2551 1296 2601 examinauit‚
1329 2547 1751 2591 animaduersionum

251 2621 356 2662 libro
382 2622 574 2677 correoeit,
606 2621 853 2673 illustrauit,
883 2620 1137 2674 ylossarium
1159 2619 1320 2661 adiecit.
1363 2616 1533 2659 additae
1553 2614 1751 2657 Andreae

251 2689 412 2732 Schotti
450 2693 574 2732 notae
603 2692 642 2731 et
669 2690 1009 2732 emendationum
1037 2688 1224 2730 rationes
1253 2700 1303 2728 ex
1340 2684 1509 2737 scriptis
1546 2682 1751 2725 codicibus

253 2760 332 2800 etc.
356 2759 545 2814 Cygneae
570 2760 690 2802 1655.
733 2759 932 2801 Barthius
964 2770 1060 2801 eum
1092 2756 1314 2799 editionem
1336 2754 1568 2809 principem
1588 2752 1750 2806 paucis-
