1884 2998
1641 141 1669 169 V

184 245 333 286 habere
369 242 685 284 similitudinem
722 245 997 298 unusquisque
1042 245 1168 287 uidet.
1219 247 1365 300 quibus
1410 249 1536 291 libris*
1566 251 1668 292 inte-

184 324 305 366 grum
336 310 553 353 Claudiani
583 323 682 365 opus
715 311 998 354 exhibentibus
1029 313 1175 355 addere
1197 316 1330 367 placet
1352 317 1531 358 codicem
1551 318 1669 359 Pari-

183 380 322 423 sinum
351 380 423 420 lat.
455 392 515 421 nr.
550 379 660 422 1750
694 379 887 433 (Colbert.
913 380 1037 430 3080,
1070 381 1170 435 Reg.
1194 382 1301 425 3751
1336 383 1433 436 AB)
1469 387 1669 428 membra-

182 460 355 491 naceum
394 448 464 489 fol.
507 448 586 489 181
627 461 672 489 ex
716 448 1005 491 diuersissimis
1050 451 1235 503 partibus
1281 454 1510 503 consutum,
1556 455 1669 496 cuius

181 517 279 558 folia
308 516 492 558 41—48
524 516 739 558 Claudiani
771 519 818 558 de
849 520 963 559 statu
993 519 1152 561 animae
1184 519 1336 560 librum
1366 520 1534 562 tertium
1557 523 1670 564 exhi-

181 585 284 626 bent
323 585 364 626 et
403 584 566 626 saeculo
606 585 686 626 ΧΠ
728 587 897 627 exeunte
935 589 1096 628 exarata
1126 600 1211 629 esse
1240 588 1446 629 uidentur.
1498 602 1666 642 quorum

182 653 444 695 collationem
475 665 498 694 a
529 666 594 694 me
633 654 857 695 confectam
891 657 938 696 ut
968 655 1220 697 adnotationi
1259 655 1422 698 criticae
1453 657 1667 699 insererem

181 733 206 763 a
225 734 292 763 me
312 733 393 763 non
413 721 649 774 impetraui.
683 721 855 775 denique
879 724 1096 776 epistulam
1116 724 1260 766 Fausti
1280 725 1322 765 in
1345 726 1481 766 codice
1498 727 1667 780 Anglico

180 789 436 841 (Ashburnh.
469 790 581 830 Libri
612 803 671 831 nr.
706 790 774 841 75)
809 792 976 832 membr.
1011 791 1201 833 foliorum
1227 792 1279 834 14
1300 806 1404 834 saec.
1433 794 1668 835 VIIlI——X

181 859 335 900 litteris
367 858 625 912 carolingicis
656 859 818 899 exarato
846 860 915 912 (cf.
939 860 1247 913 Zangemeister
1268 861 1309 902 in
1333 862 1467 902 annal.
1490 863 1667 903 academ.

180 926 409 969 Vindobon.
442 927 525 968 uol.
556 926 796 968 LXXXIIII
828 928 927 980 568)
961 929 1163 970 contineri
1196 941 1574 972 commemoramus.

237 1030 447 1072 Hactenus
479 1029 527 1070 de
549 1028 666 1070 libris
688 1030 1000 1083 manuscriptis:
1031 1031 1271 1072 accedamus
1294 1032 1377 1073 iam
1400 1032 1450 1073 ad
1473 1033 1667 1075 editiones
1689 1035 1713 1076 b

181 1100 442 1141 enarrandas.
485 1100 606 1151 atque
628 1098 753 1139 editio
776 1099 963 1152 princeps
985 1099 1135 1153 prodiit
1156 1100 1342 1141 Basileae
1364 1112 1466 1141 anno
1487 1101 1668 1143 MDXX:

178 1167 290 1210 Diui
322 1166 556 1210 Claudiani
587 1167 791 1208 Mamerci·
833 1167 1047 1209 Vienensis
1074 1168 1186 1222 (sicl)
1214 1167 1459 1210 Galliarum
1489 1169 1669 1222 episcopi

179 1236 229 1278 de
245 1239 358 1278 statu
374 1236 546 1277 animae
563 1234 661 1276 libri
681 1238 763 1276 tres
778 1235 905 1277 Petro
921 1235 1158 1277 Mosellam
1179 1236 1439 1289 recognitor&
1472 1237 1670 1279 Basileac

179 1318 290 1346 anno
322 1303 519 1346 MDXX
551 1305 674 1357 (apud
706 1305 840 1345 Adam
871 1305 1019 1356 Petri).
1057 1304 1244 1346 dedicata
1265 1306 1325 1346 est
1347 1305 1471 1347 editio
1494 1307 1668 1348 Martino

179 1374 229 1415 de
259 1374 434 1423 Lochau‚
458 1372 702 1414 Cisterciani
725 1372 876 1413 ordinis
898 1372 941 1414 in
964 1373 1126 1414 Veteris
1147 1372 1283 1414 Cellae
1306 1375 1494 1416 coenobio
1516 1376 1667 1424 abbati,

178 1441 223 1483 in
272 1443 385 1483 cuius
437 1441 619 1482 coenobii
670 1440 923 1482 bibliotheca
975 1441 1196 1482 ‘uetustum
1241 1442 1455 1494 ememplar
1503 1442 1670 1484 librarii

177 1510 397 1563 imperitia
425 1509 660 1562 foedissime
690 1501 982 1561 deprauatum'
1012 1510 1171 1551 exstare
1202 1510 1325 1562 atque
1358 1511 1409 1551 ad
1431 1511 1516 1552 eius
1546 1511 1667 1552 fidem

179 1580 401 1621 editionem
432 1578 648 1620 Claudiani
679 1591 721 1621 se
753 1590 917 1620 curasse
948 1578 1199 1620 Mosellanus
1230 1580 1317 1631 ipse
1347 1579 1446 1620 dicit
1481 1579 1546 1630 (cf.
1577 1591 1667 1633 pag.

177 1648 205 1689 2
246 1650 286 1690 et
317 1649 376 1700 8).
417 1648 527 1689 hunc
563 1648 701 1701 ipsum
740 1648 878 1689 autem
917 1648 1095 1689 codicem
1130 1659 1219 1689 esse
1250 1647 1517 1701 Lipsiensem‚
1549 1661 1668 1701 quem

178 1729 301 1770 supra
324 1717 465 1759 littera
486 1716 531 1758 M
560 1717 899 1770 significauimuS‚
932 1728 1010 1757 non
1034 1717 1167 1758 solum
1189 1716 1449 1757 adnotatione
1473 1716 1556 1767 illa,
1590 1728 1669 1769 qua

178 1786 360 1828 codicem
397 1785 498 1828 olim
536 1785 722 1828 coenobii
763 1785 925 1827 Veteris
967 1784 1102 1827 Cellae
1140 1785 1268 1826 fuisse
1306 1787 1486 1837 apparet,
1527 1797 1668 1826 uerum

180 1855 309 1897 etiam
346 1855 451 1897 miro
490 1867 701 1905 consensu,
743 1856 812 1908 qui
842 1854 951 1896 inter
990 1853 1140 1896 codicis
1172 1856 1210 1895 et
1251 1853 1441 1894 editionis
1474 1853 1668 1905 principis

178 1922 373 1964 lectiones
409 1923 641 1972 intercedit,
682 1923 959 1965 confirmatur.
1012 1922 1125 1964 cuius
1164 1922 1225 1964 rei
1263 1922 1445 1975 exempla
1489 1922 1668 1962 luculen-

179 1991 341 2033 tissima
379 2004 472 2033 cum
508 2004 776 2045 unaquaeque
816 1991 1006 2033 editionis
1044 1992 1207 2032 nostrae
1238 1990 1390 2044 pagina
1419 1990 1666 2043 suppeditet,

178 2060 300 2113 plura
328 2059 395 2101 hic
424 2059 553 2101 uerba
583 2059 715 2101 facere
749 2062 818 2102 uix
848 2071 991 2113 operae
1021 2058 1200 2113 pretium
1232 2070 1317 2100 esse
1347 2058 1522 2100 uidetur.
1554 2070 1667 2099 recu-

177 2131 316 2181 perato
360 2127 498 2170 codice
528 2127 732 2181 Lipsiensi
776 2128 879 2170 nihil
916 2127 999 2169 fere
1038 2127 1141 2168 lucri
1179 2127 1383 2168 redundat
1413 2139 1460 2167 ex
1490 2126 1666 2167 editione

177 2196 372 2251 principe,
406 2209 500 2238 cum
531 2198 772 2250 plerumque
794 2197 902 2238 locos
925 2195 1072 2238 codicis
1093 2195 1458 2250 deprauatissimos
1480 2193 1667 2246 religiose

177 2277 340 2307 seruare
371 2278 494 2318 quam
525 2276 596 2306 suo
627 2266 789 2318 ingenio
821 2265 1037 2306 emendare
1067 2264 1257 2306 maluerit
1288 2262 1552 2304 MosellanuS.

231 2379 448 2420 Mosellani
500 2378 628 2420 editio
678 2379 855 2432 repetita
904 2377 1059 2431 legitur
1108 2376 1150 2417 in
1199 2374 1448 2417 bibliotheca
1497 2375 1666 2427 patrum

176 2447 364 2490 Parisina
395 2459 419 2489 a
447 2446 685 2501 Margarino
716 2446 764 2487 de
794 2446 834 2488 la
863 2446 994 2499 Bigne
1025 2445 1167 2486 curata
1198 2456 1234 2486 a.
1267 2443 1376 2485 1576
1406 2442 1484 2483 uol.
1514 2442 1549 2482 V
1581 2442 1658 2483 661
1683 2451 1708 2492 p

178 2528 265 2571 sqq.
299 2516 340 2558 et
371 2528 405 2558 a.
439 2515 550 2557 1589
579 2515 662 2557 uol.
693 2514 783 2557 IIII
813 2514 897 2556 599
928 2526 1016 2567 sqq,
1047 2511 1253 2554 nonnullis
1284 2511 1440 2552 mendis
1472 2509 1662 2550 editionis

176 2584 373 2639 principis
404 2583 609 2626 correctis,
659 2583 780 2636 atque
812 2582 988 2624 editores
1026 2580 1216 2623 editionis
1248 2593 1282 2622 a.
1319 2579 1425 2621 1589
1456 2578 1497 2618 in
1527 2578 1662 2618 lucem
1683 2587 1707 2627 p

179 2653 352 2695 emissae
392 2652 459 2694 hic
496 2652 584 2694 illic
624 2651 779 2693 codices
817 2651 1025 2692 Parisinos
1055 2649 1275 2703 inspexisse
1306 2648 1392 2689 ueri
1424 2645 1557 2687 simile
1587 2645 1660 2694 est,

177 2734 271 2765 cum
300 2722 526 2776 peculiares
565 2719 763 2761 librorum
794 2719 876 2761 AB
889 2718 1012 2760 DEF
1044 2717 1111 2759 uel
1140 2717 1263 2760 DEF
1294 2716 1486 2757 lectiones
1518 2713 1560 2754 in
1591 2712 1663 2753 illa

1714 2574 1731 2596 ⁸2
