1884 2998
31 687 141 714 Schotti

44 722 131 748 editio

166 134 213 164 V1

166 260 324 301 quoque
364 247 721 301 deprehendantur
765 247 831 301 (cf.
873 248 1012 289 adnot.
1053 247 1103 288 ad
1142 247 1208 299 64,
1241 247 1278 288 6.
1316 247 1386 298 67,
1420 248 1484 289 19.
1517 249 1585 301 80,
1620 250 1660 291 9.

169 316 262 367 102,
293 316 362 357 21.
399 316 493 367 109,
525 315 593 358 20.
629 316 722 368 117,
759 316 831 365 16;
864 315 931 366 93,
965 315 1003 357 3.
1037 316 1104 364 96,
1137 314 1175 356 7.
1210 315 1382 370 121,1).
1416 318 1523 358 certe
1550 317 1658 359 codi-

167 396 254 425 cem
286 385 318 425 F
349 384 399 425 ab
433 383 586 425 editore
617 384 661 425 in
692 396 814 424 usum
853 385 1048 425 uocatum
1081 395 1167 424 esse
1199 396 1246 424 ex
1278 383 1478 436 singulari
1509 384 1660 427 codicis

166 451 199 493 F
228 450 368 492 uolens
399 451 577 506 intelleyi
608 464 678 505 pro
708 451 815 493 uelis
838 451 1026 504 intelleyi
1049 452 1113 504 (cf.
1137 464 1229 506 pag.
1257 452 1350 501 106,
1378 453 1415 504 1)
1438 453 1664 495 exhibentis

165 520 353 572 lectione,
387 532 510 573 quam
542 521 666 562 editio
698 531 855 573 quoque
886 520 1075 561 Parisina
1105 520 1288 574 praebet,
1321 521 1509 562 concludi
1550 533 1663 575 posse

167 588 343 629 uidetur.

226 691 291 732 Ad
319 702 516 731 nouorum
551 691 737 732 codicum
765 690 1056 732 auctoritatem
1078 689 1296 733 Claudiani
1316 691 1443 733 libros
1464 692 1665 734 recensuit

166 760 349 800 Andreas
382 758 573 801 Schottus
605 760 742 801 societ.
774 759 869 800 Iesu
905 759 964 812 (in
1002 759 1252 801 bibliotheca
1281 761 1469 802 ueterum
1499 763 1666 814 patrum

168 827 399 869 Coloniensi
432 827 493 868 ed.
525 840 559 869 a.
591 828 698 869 1618
731 829 812 870 nol.
837 828 872 868 V
903 828 987 869 944
1017 840 1104 882 sqq.
1139 831 1178 870 et
1210 828 1254 870 in
1276 828 1467 871 biblioth.
1500 831 1665 882 patrum

167 896 431 947 Lugdunensi
463 896 524 937 ed.
558 908 593 938 a.
628 896 735 937 1677
767 896 850 937 nol.
882 896 942 938 VI
968 895 1076 939 1045
1098 897 1205 951 sqq.)
1238 910 1384 951 eosque
1408 898 1515 939 notis
1537 896 1666 939 maxi-

167 975 277 1005 mam
309 965 470 1016 partem
501 963 654 1006 criticis
686 964 928 1006 illustrauit.
975 977 1073 1006 usus
1103 969 1165 1007 est
1186 968 1518 1008 membranarum
1541 966 1667 1008 Plan-

170 1033 419 1074 tinianarum
466 1032 695 1082 collatione,
743 1045 866 1085 qnam
911 1032 1086 1075 Ioannes
1124 1033 1349 1076 Wowerius
1396 1034 1578 1085 confecit,
1625 1037 1667 1076 et

168 1102 253 1153 ipse
290 1095 407 1141 colim
444 1101 493 1141 in
533 1101 713 1142 Neruiis
745 1101 933 1143 Tornaci
968 1101 1178 1143 sodalium
1208 1102 1581 1144 Benedictinorum
1610 1104 1667 1145 ad

169 1169 214 1212 S.
248 1169 492 1210 Martinum
533 1169 722 1223 beneficio
762 1183 781 1210 e
818 1169 1061 1211 bibliotheca
1105 1171 1221 1224 lonye
1259 1171 1480 1223 antiquius
1517 1173 1668 1213 nactus

170 1240 381 1290 exemplar
421 1240 510 1279 loca
539 1251 677 1291 prope
718 1238 1055 1279 innumerabilia
1095 1232 1372 1291 persanauit'.
1424 1253 1470 1281 ac
1517 1239 1667 1282 codicis

169 1306 422 1347 Plantiniani
455 1305 548 1361 (P),
582 1319 704 1359 quem
747 1307 873 1348 etiam
904 1307 1236 1360 Antnerpianum
1267 1309 1335 1350 uel
1366 1308 1668 1350 Brabantinum

171 1375 351 1427 appellat
397 1374 607 1428 SchottUS,
654 1375 852 1417 lectiones
899 1375 1133 1418 simillimas
1179 1389 1261 1417 esse
1307 1377 1494 1418 codicum
1539 1376 1666 1418 DEF

169 1442 278 1484 infra
317 1443 715 1496 demonstrabimus3
754 1443 905 1485 codicis
946 1444 1086 1485 autem
1123 1444 1390 1487 Tornacensis
1425 1445 1514 1498 (T),
1548 1457 1670 1498 quem

170 1510 468 1552 Martinianum
499 1512 566 1553 uel
588 1512 791 1553 Neruium
817 1513 1005 1554 nominat
1027 1513 1239 1564 Schottus,
1262 1517 1446 1567 superest
1469 1514 1669 1556 memoria

170 1581 277 1633 apud
308 1582 555 1622 Haenelium
579 1581 780 1636 (catalogi
801 1594 894 1636 pag.
917 1582 1033 1637 877),
1057 1583 1125 1636 qui
1147 1582 1255 1624 inter
1275 1583 1400 1624 libros
1423 1582 1668 1636 Phillippsi-

171 1661 268 1690 anos
308 1648 525 1691 Claudiani
562 1650 760 1692 Mamerti
801 1652 998 1701 codicem,
1035 1653 1106 1705 qui
1148 1654 1234 1693 erat
1274 1652 1375 1693 olim
1407 1652 1597 1693 abbatiae
1627 1650 1669 1693 S.

170 1717 342 1759 Martini
378 1718 664 1769 Tornacensis,
707 1721 1003 1761 commemorat
1044 1721 1212 1773 (Tourn.
1253 1721 1376 1762 Press
1417 1721 1462 1761 E.
1505 1733 1566 1761 nr.
1597 1719 1666 1770 27,

171 1785 294 1829 Phill.
334 1786 479 1836 2100),
523 1789 592 1829 sed
638 1788 695 1829 eis
742 1788 987 1830 adnumerat
1036 1789 1261 1843 codicibus,
1308 1801 1407 1842 quos
1449 1788 1668 1841 Phillipps

171 1853 360 1905 deposuit
388 1854 437 1894 in
468 1855 644 1908 officina
673 1855 922 1907 bibliopolae
952 1856 1175 1898 cuiusdam
1206 1857 1398 1899 Bataui:
1430 1869 1497 1898 eos
1528 1869 1669 1898 omnes

172 1921 366 1974 nefarius
395 1922 470 1963 iste
499 1921 616 1964 homo
646 1922 844 1965 subduxit
875 1926 997 1977 atque
1027 1925 1220 1967 uendidit
1253 1926 1319 1978 (cf.
1353 1927 1512 1967 Haenel
1543 1926 1568 1966 l.
1598 1925 1667 1979 c.).

122 2037 155 2078 Τ
235 2035 316 2077 Vbi
347 2049 454 2078 nunc
486 2037 719 2079 asseruetur
758 2037 864 2079 liber
894 2038 1176 2086 Tornacensis,
1210 2038 1345 2080 nescio
1377 2052 1505 2092 neque
1537 2039 1670 2081 hercle

176 2104 415 2146 examinatis
447 2105 596 2147 codicis
626 2104 885 2157 lectionibUS,
918 2118 1019 2159 quas
1050 2105 1094 2146 in
1126 2106 1233 2148 notis
1266 2106 1430 2157 criticis,
1463 2109 1568 2160 quod
1599 2107 1672 2149 illa

175 2174 309 2214 aetate
340 2173 409 2213 nix
440 2173 752 2226 exspectaueris,
785 2175 888 2215 satis
922 2174 1144 2228 diligenter
1173 2174 1292 2217 affert
1314 2174 1519 2224 Schottus,
1552 2187 1671 2229 aegre

175 2241 216 2281 id
257 2240 438 2292 ferimUS,
487 2253 581 2283 cum
619 2241 844 2284 habeamus
885 2242 1052 2293 librum,
1100 2242 1170 2296 qui
1215 2243 1364 2285 codicis
1406 2242 1671 2285 Tornacensis

175 2309 405 2350 accuratam
424 2309 507 2351 fere
523 2311 802 2363 repraesentet
824 2311 1062 2365 imaginem,
1087 2312 1177 2352 dico
1195 2312 1376 2354 codicem
1394 2313 1671 2366 Reginensem

175 2377 223 2418 R.
257 2390 378 2430 quam
418 2390 506 2419 rem
536 2380 583 2419 ut
615 2379 953 2431 demonstremus,
995 2381 1096 2422 haec
1125 2381 1303 2434 proferre
1333 2380 1458 2422 liceat
1488 2380 1672 2434 exempla

175 2447 236 2487 ita
266 2448 511 2498 comparata,
544 2449 591 2488 ut
622 2460 726 2489 unus
758 2447 881 2489 codex
911 2448 947 2490 R
979 2449 1183 2502 conspiret
1213 2462 1307 2491 cum
1336 2448 1583 2490 Tornacensi
1604 2449 1672 2490 uel

178 2526 271 2554 cum
310 2513 470 2556 Schotti
508 2515 639 2570 textu,
679 2528 801 2569 quem
840 2518 1066 2559 secundum
1105 2517 1372 2559 Tornacensis
1408 2517 1671 2571 potissimum

177 2582 466 2624 auctoritatem
495 2596 538 2625 se
569 2585 829 2626 constituisse
866 2584 955 2639 ipse
985 2585 1211 2627 identidem
1245 2586 1437 2635 affirmat,
1487 2585 1529 2626 in
1560 2585 1671 2627 exhi-

177 2650 308 2692 benda
339 2650 472 2693 falsa
501 2652 700 2694 lectione:
731 2665 827 2708 pag.
860 2653 928 2704 22,
965 2654 1015 2695 18
1048 2655 1250 2707 namque]
1279 2667 1381 2695 nam
1411 2667 1592 2706 nequam
1623 2655 1671 2705 T,

177 2731 278 2759 nam
309 2731 398 2771 neq.
429 2719 478 2771 R,
525 2720 591 2771 36,
623 2721 650 2761 5
680 2719 773 2777 eqo]
803 2734 897 2775 eryo
928 2723 1020 2776 ΒΤ,
1067 2724 1135 2774 49,
1172 2724 1223 2765 15
1254 2722 1438 2776 aeriam]
1469 2735 1605 2763 aerem
1635 2722 1672 2764 R
