1884 2998
224 110 281 153 56
502 128 505 130 >
741 107 983 144 Claudiani
1009 107 1220 143 Mamerti

912 254 1045 309 XIII.

740 370 802 400 DE
834 369 1221 402 RESVRREGTIONE.

282 450 404 494 Nunc
448 462 541 505 ergo
588 450 625 491 si
666 449 893 491 humanum
937 461 1096 503 corpus,
1150 452 1362 492 terrenum
1408 451 1567 494 scilicet
1612 454 1736 505 atque

226 521 534 572 moribundum,
574 518 616 561 in
647 518 691 561 id
721 518 879 572 gloriae
908 518 1286 571 transformabitur,
1319 521 1367 561 ut
1397 519 1472 562 fiat
1502 521 1552 562 de
1582 520 1737 562 carnali

225 590 415 643 spiritale
459 589 688 631 secundum
719 588 966 642 apostolum,
1005 588 1075 641 qui
1106 588 1186 631 ait:
1219 589 1512 631 seminatur
1544 601 1735 642 corpus
1766 602 1783 627 ⁵

226 658 474 710 animale,
507 659 763 711 resurget
794 668 980 710 corpus
1010 657 1289 711 spiritale,
1322 658 1364 699 et
1394 657 1534 699 anima
1554 656 1736 699 humana

224 727 286 769 sic
331 739 441 769 nunc
483 726 686 781 spiritalis
727 725 804 776 est,
846 727 893 767 ut
934 727 1076 767 tamen
1116 737 1262 780 corpus
1304 725 1372 777 sit,
1419 737 1515 779 ergo
1555 725 1737 767 humana

226 808 319 838 caro
351 795 629 838 transferetur
658 795 703 836 in
734 794 898 836 animae
930 793 1196 848 dignitatem,
1230 806 1323 836 cum
1355 794 1466 836 facta
1497 793 1624 835 fuerit
1647 805 1736 835 cor-

224 877 302 918 pus
349 864 551 918 spiritale,
599 863 642 905 et
671 862 811 905 anima
857 874 960 916 quae
1007 863 1165 916 corpori
1213 862 1322 905 iuste
1370 862 1594 916 dominata,
1633 874 1736 915 quae

224 932 392 975 domino
423 932 490 986 pie
520 932 710 985 iusteque
740 931 947 973 famulata
977 931 1052 985 est,
1085 943 1190 985 quae
1213 931 1336 973 deum
1359 931 1538 974 fideliter
1559 930 1737 973 credidit
1749 946 1782 972 ιο

224 1001 298 1043 aut
338 1000 528 1044 fortassis
570 1003 611 1043 et
652 1000 790 1051 sciuit,
830 1003 1054 1054 exaequata
1084 1000 1167 1043 sibi
1199 1012 1320 1043 carne
1350 1013 1425 1043 sua
1455 1001 1546 1054 ipsa
1577 1012 1737 1055 quoque

224 1069 333 1112 nihil
362 1082 436 1123 pro
467 1069 727 1112 substantiae
760 1070 961 1123 qualitate
992 1070 1317 1123 promouebitur.
1348 1070 1390 1111 et
1419 1069 1492 1111 ubi
1524 1069 1586 1111 est
1615 1069 1735 1119 illud,

225 1151 322 1181 non
354 1138 440 1192 qui
470 1139 670 1181 oculum
702 1138 892 1192 carnis,
924 1139 1012 1180 sed
1043 1138 1131 1192 qui
1162 1139 1367 1180 oculum
1398 1138 1570 1180 cordis
1602 1150 1737 1180 mun-

228 1208 451 1260 dauerit‚
474 1208 618 1250 deum
639 1207 876 1250 uidebit?
907 1219 1003 1249 narn
1026 1207 1167 1249 beati
1192 1207 1376 1249 mundo
1399 1207 1562 1256 corde,
1585 1218 1737 1260 quon-

225 1277 324 1319 iam
354 1277 458 1330 ipsi
489 1277 635 1318 deum
665 1276 936 1319 uidebunt.
979 1287 1074 1330 ergo
1105 1276 1245 1318 forsan
1265 1275 1570 1318 beatificabitur
1591 1288 1737 1329 corpus
1752 1290 1785 1316 ιε,

225 1357 299 1397 pro
320 1344 442 1387 modo
464 1356 536 1387 suo
557 1344 599 1386 et
620 1343 760 1386 anima
780 1343 929 1385 itidem
950 1355 1022 1397 pro
1044 1343 1165 1385 modo
1186 1356 1273 1386 suo.
1311 1343 1418 1385 illud
1446 1344 1736 1397 inmutabitur,

227 1413 275 1455 ut
291 1412 459 1467 spiritui
480 1425 552 1467 per
570 1412 707 1454 omnia
723 1413 775 1454 ad
791 1414 939 1454 nutum
959 1413 1129 1461 seruiat,
1153 1412 1219 1454 cui
1238 1414 1458 1455 contumax
1474 1425 1593 1467 saepe
1615 1412 1738 1455 resti-

224 1481 292 1533 tit,
326 1482 369 1524 et
389 1481 491 1524 haec
511 1481 805 1531 inmutabitur‚
827 1481 874 1522 ut
895 1481 1019 1522 deum
1040 1480 1193 1530 uideat,
1218 1492 1340 1534 quem
1360 1480 1580 1534 flagrantia
1601 1481 1737 1523 castae

227 1549 418 1592 caritatis
463 1550 657 1592 inhiauit.
709 1550 752 1592 et
795 1550 988 1603 quoniam
1034 1549 1245 1603 apostolus
1294 1550 1501 1603 spiritum,
1552 1550 1735 1592 animam

226 1630 452 1673 corpusque
483 1618 685 1661 discreuit
724 1618 935 1672 inquiens:
972 1620 1027 1660 ut
1066 1618 1275 1672 integer
1306 1618 1528 1671 spiritus
1560 1618 1784 1660 uester2o

226 1688 277 1729 et
308 1686 480 1729 anima
510 1689 560 1728 et
592 1699 798 1741 corpus,
842 1686 939 1740 quia
968 1688 1062 1741 post
1092 1688 1434 1729 resurrectionem
1465 1698 1546 1728 non
1577 1686 1737 1728 anima—

225 1755 323 1798 liter
363 1755 592 1798 uiuendum
633 1756 709 1805 est,
750 1755 911 1797 scilicet
942 1755 1015 1797 ubi
1047 1766 1130 1797 non
1162 1756 1366 1797 edendum
1395 1755 1464 1796 uel
1494 1753 1739 1807 bibendum,

225 1823 296 1867 ubi
326 1836 408 1867 non
439 1824 725 1866 dormiendum
755 1835 885 1877 neque
917 1823 1146 1865 coeundum
1168 1823 1243 1873 est,
1274 1823 1470 1865 transibit
1490 1823 1625 1864 totum
1648 1822 1737 1863 ani—

225 1892 335 1935 male
375 1904 521 1946 corpus
562 1893 606 1934 in
641 1892 827 1946 spiritale
859 1904 1018 1947 corpus,
1051 1892 1149 1945 quia
1179 1894 1220 1934 et
1251 1893 1390 1934 anima
1419 1893 1509 1933 tota
1539 1890 1736 1934 transibit

225 1961 269 2003 in
300 1961 509 2015 spiritum,
542 1962 584 2003 et
614 1961 695 2003 erit
724 1962 860 2003 totum
892 1960 1082 2014 spiritale
1118 1972 1266 2014 corpus
1297 1962 1463 2014 propter
1493 1958 1733 2001 inhabitan-
1750 1978 1785 2004 25

364 2098 385 2132 5
411 2097 430 2132 I
454 2098 532 2132 Cor.
560 2097 614 2140 15,
638 2097 684 2131 44
823 2097 867 2131 14
891 2096 1023 2131 Matth.
1048 2097 1080 2139 5,
1105 2097 1127 2131 8
1265 2095 1311 2130 20
1334 2095 1353 2130 Ι
1378 2095 1499 2130 Thess.
1524 2095 1558 2138 5,
1582 2094 1628 2129 23

297 2220 318 2254 3
343 2230 625 2265 nune—corpus
651 2231 717 2256 om.
737 2222 783 2265 10²
921 2220 944 2255 4
967 2220 1005 2255 id
1030 2220 1176 2265 gloriae]
1203 2219 1354 2264 gloriam
1378 2219 1454 2254 Mb
1595 2218 1737 2253 carnale

227 2282 340 2319 MRb
480 2283 501 2317 6
538 2283 694 2327 resurgit
732 2283 910 2319 GH¹MS¹
1058 2284 1080 2318 8
1115 2282 1352 2317 transferetur
1390 2281 1480 2323 Mb,
1522 2281 1738 2316 transfertur

226 2374 304 2409 rell.
330 2377 366 2410 et
391 2374 470 2410 Βοὴ.
609 2355 704 2408 facti}¹
731 2373 765 2409 G
906 2374 950 2408 10
980 2373 1143 2418 iusteque
1175 2373 1266 2416 Mb,
1309 2383 1375 2407 om.
1401 2373 1478 2407 rell.
1505 2375 1537 2407 et
1563 2372 1644 2409 Sch.

228 2438 272 2471 11
309 2437 360 2482 et]
398 2448 435 2472 se
471 2436 555 2472 add.
592 2437 775 2471 Barthius
930 2438 1122 2481 coaequata
1159 2435 1179 2470 b
1218 2446 1265 2471 ex
1297 2435 1414 2480 yzossa
1449 2435 1491 2469 in
1527 2435 1577 2469 M
1608 2445 1738 2479 super-

226 2493 367 2538 scripta
508 2494 550 2529 15
582 2493 737 2528 forsitan
764 2493 849 2528 libri
866 2496 1018 2538 praeter
1047 2493 1126 2528 GM
1261 2492 1303 2526 16
1336 2491 1477 2526 modulo
1506 2493 1633 2536 priore
1663 2493 1740 2528 loco

227 2551 317 2594 Mb,
357 2550 516 2594 fortasse
547 2555 660 2592 recte,
692 2551 739 2595 cf.
763 2550 845 2585 libr.
868 2551 915 2585 11
940 2562 1020 2595 cap.
1046 2551 1144 2585 IIII
1278 2550 1319 2584 17
1351 2549 1493 2584 resistit
1523 2550 1740 2586 ABCGHL

227 2607 298 2644 RS
425 2609 468 2643 19
493 2609 648 2643 animam
673 2619 740 2643 om.
765 2608 801 2642 A
933 2608 975 2642 21
1003 2609 1037 2641 et
1062 2612 1146 2642 ante
1171 2607 1292 2641 anima
1316 2617 1382 2643 om.
1408 2607 1481 2641 Mb
1613 2607 1656 2642 22
1682 2607 1739 2641 uel

226 2666 421 2701 bibendum
445 2676 512 2701 om.
537 2665 574 2700 R
695 2666 738 2700 23
764 2666 888 2710 neque]
916 2666 972 2699 uel
996 2665 1176 2699 Barthius
1246 2699 1251 2703 ,
1299 2664 1454 2699 tansibit
1479 2664 1514 2699 R
1635 2665 1679 2698 24
1703 2666 1739 2699 et

227 2734 294 2759 om.
326 2723 357 2760 Ο
492 2723 537 2758 25
561 2722 858 2758 inhabitationem
885 2722 1034 2767 spiritus
1059 2723 1094 2757 R
