1884 2998
603 113 663 148 De
687 113 810 148 statu
838 113 1012 148 animae
1042 113 1102 149 111
1129 114 1183 150 14.
1561 113 1641 157 181

143 237 227 281 bile
258 237 417 279 faciat?
455 237 536 279 duo
566 236 668 279 haec
698 237 743 278 in
773 237 992 280 uictoriam
1021 249 1168 291 nempe
1198 239 1461 290 conueniunt,
1491 239 1541 282 ut
1570 251 1643 282 au-

144 305 248 348 ctori
288 305 416 360 probo
456 316 605 347 causae
647 304 831 359 probitas
872 317 1035 359 compos
1076 305 1145 347 sit.
1195 305 1341 348 horum
1384 308 1524 349 minus
1561 318 1643 349 uno

144 374 279 416 uirtus
329 372 504 415 actionis
542 372 796 427 infringitur,
835 374 870 415 si
916 374 1024 416 desit
1067 376 1304 428 utrumque,
1336 375 1533 418 cassatur.
1584 374 1645 417 sic

144 454 254 483 nunc
299 441 489 494 equidem
529 442 778 483 obliuiosum
818 444 859 484 te
891 442 1049 496 pariter
1088 445 1131 484 et
1161 442 1354 496 ignarum
1391 443 1646 485 defensorem

115 510 298 552 snancta
326 509 496 551 fallacia
525 522 648 563 penes
678 509 893 552 intellectu
915 511 1078 565 uigidos
1099 522 1179 553 non
1204 510 1339 553 solum
1362 510 1468 552 illud
1490 510 1647 565 negotii

145 577 372 627 facessiuit,
404 580 451 620 ut
482 577 562 620 tibi
593 591 716 631 super
745 579 810 620 his
842 579 952 621 credi
982 591 1064 621 non
1093 580 1282 634 oportere
1314 578 1467 632 pateat,
1498 578 1569 620 sed
1599 578 1649 619 ut

148 646 316 700 ueritas,
360 647 427 688 cui
463 646 714 688 credendum
745 659 903 700 semper
943 650 1017 698 est,
1060 647 1208 688 clarior
1242 645 1540 699 inlustriorque
1570 645 1646 688 sub

146 715 394 757 necessitate
426 714 643 757 conflictus
675 716 717 757 et
748 715 1039 768 conparatione
1070 715 1271 757 falsitatis
1301 714 1511 769 adpareat.

819 893 977 949 XIIII.

100 1018 135 1045 10
147 1011 259 1050 QVIA
297 1011 445 1042 ANIMA
483 1011 534 1041 IN
575 1009 783 1042 CORPORE
822 1010 917 1041 NON
958 1010 1169 1040 TENETVR.
1206 1009 1401 1041 INOLVSA
1438 1009 1528 1040 NEC
1564 1010 1651 1040 MO-

145 1080 298 1111 VETVR
326 1080 387 1110 DE
426 1078 546 1110 LOCO
585 1078 648 1109 AD
688 1077 857 1118 LOCVM,
889 1077 984 1108 CVM
1023 1078 1273 1108 MOVEATVR
1303 1077 1654 1108 TEMPORALITER

713 1147 802 1177 PER
831 1146 1091 1177 ADFEOTVM.

204 1227 342 1283 Igitur
380 1227 624 1280 qualitatem
664 1226 941 1281 quantitatem
974 1229 1015 1268 et
1045 1226 1305 1269 localitatem
1336 1226 1499 1268 animae
1531 1225 1652 1267 datu-

147 1309 242 1338 rum
287 1297 328 1338 te
360 1296 505 1349 sponte
551 1296 757 1349 professus
789 1307 830 1337 es
861 1307 1036 1348 moxque
1081 1295 1317 1350 subiungis:
1363 1306 1457 1347 quo
1502 1294 1654 1335 modo

102 1376 243 1408 15non
288 1364 476 1406 localis
517 1365 605 1413 sit,
642 1376 769 1418 quae
808 1366 1015 1406 inserta
1053 1362 1297 1405 membris
1328 1365 1378 1405 et
1416 1361 1654 1416 inligata

147 1433 448 1476 uisceribus
507 1433 636 1475 solis
694 1432 928 1475 motibus
987 1444 1121 1486 uaga
1170 1432 1482 1474 condicione
1535 1430 1653 1471 sub-

149 1502 386 1543 stantiae
425 1503 638 1543 tenetur
680 1501 916 1543 inclusa?
951 1501 1020 1543 uix
1051 1513 1148 1542 sane
1178 1502 1226 1543 ut
1255 1500 1411 1554 aliquid
1441 1511 1653 1553 perperam

149 1569 256 1611 forte
296 1570 469 1612 sentires
504 1570 628 1624 atque
671 1570 715 1612 id
746 1570 882 1623 ipsum
913 1570 1001 1611 ueri
1033 1569 1169 1611 simile
1198 1569 1331 1611 uideri
1377 1567 1655 1615 contenderes,

151 1649 262 1680 error
307 1651 434 1680 unum
481 1638 688 1680 ueniabile
733 1638 866 1680 facere
906 1640 1056 1692 potest,
1098 1637 1214 1680 aliud
1253 1635 1458 1691 ignoratio
1492 1635 1654 1678 erroris·

105 1719 296 1749 souerum
337 1718 448 1748 nunc
487 1707 606 1749 miris
646 1707 778 1748 modis
818 1707 961 1759 stupeo
1002 1708 1043 1747 te
1075 1707 1163 1748 tam
1203 1704 1448 1747 dissidentia
1488 1704 1657 1756 tamque

153 1775 317 1817 diuersa
356 1787 438 1816 uno
468 1775 768 1829 propemodum
808 1775 1015 1816 momento
1047 1776 1171 1829 atque
1202 1776 1343 1816 eodem
1373 1785 1500 1827 paene
1531 1772 1656 1813 uerbo

152 1842 324 1885 dixisse:
372 1855 490 1897 ergo
536 1843 772 1897 inligata
817 1842 1060 1884 membris
1109 1854 1240 1895 uaga
1285 1844 1362 1883 est
1401 1840 1653 1890 motibus,

152 1913 192 1953 et
222 1911 347 1954 item:
380 1912 606 1954 motibus
637 1923 775 1965 uaga
806 1910 1115 1953 condicione
1145 1909 1483 1952 substantiae
1506 1911 1654 1951 tene-

290 2036 335 2071 14
358 2035 401 2071 cf.
427 2046 508 2081 pag.
535 2036 590 2078 11,
614 2036 636 2071 2

222 2150 242 2185 1
266 2150 418 2185 uictoria
444 2150 519 2186 Mb
657 2149 796 2184 auctori
820 2149 869 2184 M
890 2149 933 2184 in
956 2152 1077 2193 textu,
1116 2148 1174 2183 uel
1197 2148 1326 2183 uictori
1350 2148 1397 2182 M
1419 2147 1461 2182 in
1484 2155 1598 2190 marg.
1625 2147 1656 2178 et

153 2206 173 2242 b
289 2208 311 2242 2
335 2207 379 2242 fit
404 2207 439 2243 R
553 2207 672 2241 minus
696 2206 821 2241 horum
839 2207 870 2241 si
895 2207 1000 2248 desit,
1026 2217 1094 2241 uno
1118 2206 1237 2240 uirtus
1261 2206 1411 2240 actionis
1436 2202 1657 2247 infringitur,

153 2264 183 2298 si
208 2266 400 2309 utrumque
424 2266 584 2299 cassatur
609 2263 791 2299 Barthius
905 2264 927 2298 3
951 2263 1188 2308 instringitur
1213 2263 1249 2298 R
1363 2262 1520 2296 cassatur
1550 2258 1658 2300 GLS,

154 2323 320 2356 causatur
342 2322 419 2357 rell.
445 2325 476 2357 et
501 2321 672 2363 editores,
713 2322 869 2355 cessatur
891 2322 935 2365 2⁰²
1051 2321 1082 2354 si
1105 2319 1355 2355 ABC'HLRS
1473 2317 1497 2352 4
1521 2314 1658 2351 obliuio

154 2381 293 2423 sumpte
316 2379 370 2421 R,
407 2378 626 2413 obliuillsute
653 2378 683 2413 S
800 2378 965 2422 ignorum
989 2378 1025 2413 R
1146 2377 1168 2412 5
1192 2378 1295 2411 nacta
1317 2375 1469 2411 DEFL
1493 2373 1658 2414 editores,

154 2436 283 2470 nallcta
298 2436 456 2471 BHMS
565 2435 770 2470 intellectus
788 2435 870 2471 Βοὴ.
986 2434 1120 2479 rigidos
1139 2446 1169 2479 p
1283 2433 1468 2477 negotium
1486 2431 1567 2467 sch.

154 2493 176 2528 6
200 2504 334 2537 semper
359 2494 379 2528 b
509 2494 551 2529 15
575 2493 682 2527 locali
698 2484 735 2528 R
862 2493 917 2527 est
941 2493 1074 2537 legitur
1096 2491 1200 2536 apud
1223 2491 1407 2525 Faustum
1538 2488 1579 2523 17
1597 2487 1659 2521 uix

153 2550 322 2585 DE¹FP
337 2549 432 2593 Sch„
470 2550 525 2585 uis
549 2550 642 2590 Mb,
677 2549 734 2583 uir
757 2549 836 2586 rell.
861 2560 941 2584 cum
968 2550 1001 2584 T
1132 2547 1306 2592 perferam
1330 2546 1404 2582 Mb
1536 2545 1580 2579 18
1605 2543 1659 2578 ui-

154 2607 304 2642 risimile
339 2608 376 2644 R
515 2608 558 2642 19
596 2606 795 2641 uenerabile
830 2606 877 2640 M
907 2608 1014 2649 (corr.
1045 2606 1086 2640 in
1115 2605 1242 2650 mam.)
1380 2603 1426 2637 20
1460 2600 1659 2637 mirimodis

158 2663 235 2699 Βοὴ.
375 2666 558 2709 tamquam
584 2663 796 2698 dissidentia
827 2663 863 2699 R
1000 2665 1182 2707 tamquam
1214 2662 1352 2695 diuersa
1381 2659 1418 2695 R
1554 2657 1599 2692 23
1623 2658 1661 2691 et

157 2731 224 2756 om.
250 2721 442 2756 ABDEF
577 2720 792 2755 condicionis
815 2719 1026 2761 ABERS,
1067 2718 1263 2754 condicioni
1288 2718 1323 2752 L
