1884 2998
637 90 697 125 De
722 92 849 126 statu
874 91 1049 127 animae
1071 92 1090 127 1
1115 92 1170 127 12.
1597 97 1654 140 53

149 214 193 256 in
224 213 449 256 eorundem
480 226 562 257 non
585 213 882 265 definientium,
904 217 974 258 sed
995 216 1290 260 arbitrantium
1311 218 1450 272 potius
1470 220 1654 263 auctori-

149 284 238 325 tate
278 283 392 325 totus
433 282 702 325 nihilominus
738 284 1113 338 argumentationis
1152 286 1251 328 tuae
1282 286 1402 328 cardo
1433 287 1649 330 titubaret.

150 363 245 393 cum
276 363 374 393 uero
404 350 469 393 illi
500 363 583 393 non
614 350 872 404 dubitanter,
904 351 976 394 sed
999 352 1190 406 scienter,
1220 365 1302 396 non
1334 366 1555 409 corporeos,
1579 358 1654 399 sed

151 420 385 473 corporatos
417 420 591 474 spiritus
622 420 813 471 dixerint,
846 432 980 463 nonne
1016 422 1242 464 dinoscitur
1272 424 1555 477 quodcumque
1586 426 1650 466 est

117 491 410 542 ecorporatum
439 501 522 532 non
552 501 641 530 esse
667 491 938 543 corporeum?
961 488 1144 543 alioquin
1165 501 1386 544 corporeos,
1408 504 1487 535 non
1509 504 1650 546 corpo·

148 558 259 599 ratos
300 557 471 611 spiritus
512 570 600 600 esse
641 557 861 610 dixissent,
904 558 1002 612 quia
1031 558 1137 601 illud
1167 559 1229 601 est
1257 570 1511 613 corporeum,
1544 561 1652 614 quod

147 625 410 679 incorporeus
456 625 626 680 spiritus
672 627 845 677 animat,
893 626 997 669 illud
1043 630 1183 669 autem
1229 626 1526 681 incorporeum,
1574 641 1652 682 quo

149 706 297 747 corpus
328 695 553 738 animatur,
605 696 854 748 quapropter
885 707 980 738 cum
1012 695 1191 738 dilucide
1220 695 1481 739 uiuificatum
1503 707 1648 749 corpus

147 762 198 804 ab
239 764 476 816 incorporeo
517 763 756 806 uiuificante
789 764 1073 814 discreuerint,
1105 763 1272 806 uidetur
1302 764 1406 807 mihi
1437 766 1544 819 quod
1573 764 1651 806 iste

98 850 135 876 ιο
149 832 331 885 corporis
361 833 586 875 aduocatus
618 833 691 875 aut
720 832 1050 886 philosophicam
1077 832 1126 874 de
1148 833 1383 876 substantia
1403 833 1651 886 incorporali

146 900 398 942 sententiam
439 912 520 943 non
560 900 817 943 intellexerit
857 901 929 943 aut
968 913 1230 955 nequaquam
1269 913 1342 956 pro
1373 914 1415 944 se
1446 901 1652 944 obiectare

149 968 338 1010 debuerit
368 970 445 1011 sub
477 970 565 1023 ipso
596 969 731 1012 sancti
763 969 1006 1024 Hieronymi
1038 969 1215 1012 nomine.

205 1048 410 1102 Sequitur,
455 1051 497 1092 et
537 1051 752 1106 adiungit:
801 1050 846 1093 si
899 1050 1100 1105 angeli,
1149 1050 1346 1104 inquit,
1397 1050 1652 1092 caelestia

145 1116 304 1159 etiam
335 1130 551 1172 corpora
581 1121 642 1161 ad
675 1119 1110 1172 conparationem
1142 1118 1222 1160 dei
1261 1118 1510 1160 inmunda
1538 1129 1650 1159 esse

98 1185 422 1236 15dicuntur,
455 1187 576 1241 quid
616 1188 767 1241 putas
804 1187 947 1229 homo
980 1187 1343 1229 aestimandus
1374 1186 1480 1229 est?
1516 1197 1648 1239 quan-

143 1257 235 1297 tum
258 1255 388 1306 uideo,
413 1255 739 1298 uiolentissimus
762 1255 995 1309 disputator
1018 1267 1091 1297 nec
1121 1254 1235 1297 istud
1256 1254 1476 1309 intellegit.
1523 1265 1648 1307 ange-

145 1322 205 1364 los
237 1324 349 1365 enim
379 1325 503 1367 unius
534 1325 665 1367 credit
696 1337 782 1367 esse
813 1324 1081 1376 substantiae,
1114 1326 1162 1366 ut
1192 1324 1339 1366 melius
1371 1324 1420 1365 de
1439 1322 1645 1365 sideribus

142 1392 310 1441 sentiat,
345 1405 447 1446 quae
479 1394 714 1448 corporatos
746 1393 916 1447 spiritus
948 1392 1119 1435 iudicat.
1171 1405 1267 1435 nam
1299 1392 1398 1446 quid
1429 1390 1498 1432 hic
1530 1390 1645 1432 aliud

142 1461 207 1502 uir
237 1461 381 1503 doctus
413 1462 690 1516 Hieronymus
723 1462 874 1504 dixisse
905 1461 1150 1512 censebitur,
1188 1459 1270 1502 nisi
1292 1460 1532 1514 angelorum
1554 1471 1642 1502 cor-

93 1541 241 1583 eopora
280 1529 498 1573 habilitate
539 1531 604 1573 sui
645 1533 768 1584 atque
808 1530 995 1584 potentia
1034 1530 1228 1572 humanis
1274 1530 1392 1584 longe
1435 1528 1646 1582 praestare

142 1599 410 1652 corporibus?
440 1599 597 1654 pariter
629 1611 723 1641 cum
754 1598 878 1641 dixit:
910 1599 954 1640 si
985 1598 1182 1652 angeli,
1214 1600 1253 1639 et
1275 1597 1445 1640 adiecit:
1478 1596 1648 1638 caele-

143 1668 242 1709 stia
272 1668 432 1709 etiam
463 1679 708 1721 corpora,
746 1669 826 1710 duo
857 1666 1060 1721 quaedam
1090 1665 1279 1720 intellegi
1300 1665 1448 1714 uoluit,
1480 1664 1647 1719 angelos

142 1738 184 1777 et
216 1736 410 1778 caelestia
447 1749 628 1790 corpora,
670 1738 766 1790 quia
806 1749 901 1778 cum
942 1735 1079 1789 angeli
1109 1734 1281 1789 spiritus
1314 1732 1519 1787 corporati
1549 1733 1645 1783 sint,

282 1875 324 1909 13
349 1874 392 1909 cf.
419 1885 502 1919 pag.
527 1875 559 1917 9,
587 1875 627 1910 11

212 2008 228 2041 1
255 2005 509 2041 auctoritatem
535 2004 583 2040 M
589 2005 608 2038 b
732 2005 754 2038 2
779 2003 892 2038 totius
912 2005 959 2047 19²
1085 2002 1107 2037 3
1132 2012 1316 2046 corporeus
1339 2000 1377 2036 R
1497 2001 1520 2035 4
1544 2000 1647 2045 spiri-

139 2065 211 2109 tus]
239 2074 312 2098 esse
336 2062 421 2097 add.
448 2061 533 2106 S²p²
664 2062 686 2097 5
710 2061 908 2106 corporeos]
933 2069 1181 2104 concor-porcos
1205 2057 1526 2100 ABFUHLPS,
1567 2068 1647 2092 con-

141 2131 327 2166 corporeus
359 2119 413 2162 R,
455 2119 676 2164 incorporeos
706 2117 745 2153 D
883 2127 953 2152 non
978 2118 1190 2162 corporatos,
1216 2116 1276 2151 sed
1300 2125 1479 2160 corporeos
1502 2114 1556 2149 ΕἸ

139 2191 160 2225 6
197 2200 266 2234 quo
308 2189 338 2225 Ο
511 2187 530 2222 7
568 2187 630 2231 qui
666 2187 701 2221 A
878 2187 899 2221 9
935 2185 1119 2220 uiuificato
1159 2184 1188 2220 S
1356 2182 1483 2228 quodsi
1519 2182 1556 2218 R

141 2248 184 2282 10
208 2245 452 2291 philosophica
478 2255 532 2279 me
556 2244 640 2286 BF,
681 2243 963 2288 philosophicam
987 2252 1006 2277 e
1037 2241 1155 2277 ΑΒΕ
1292 2240 1334 2275 11
1364 2238 1542 2274 sententia
1571 2238 1647 2272 AB

138 2304 265 2340 F¹RS
428 2303 470 2337 13
506 2313 594 2337 num
632 2300 857 2346 persequitur
892 2299 1121 2335 scribendum
1141 2298 1160 2334 ,9
1326 2297 1367 2332 15
1404 2295 1646 2330 aestimandus

136 2362 269 2407 scripsi
293 2361 421 2396 collato
447 2359 585 2394 Fausti
610 2359 702 2401 loco,
743 2356 998 2392 existimandus
1023 2356 1160 2391 codices
1278 2354 1319 2389 16
1344 2352 1493 2397 angelus
1517 2352 1554 2388 R

141 2419 183 2453 17
216 2418 366 2453 credidit
392 2427 421 2461 p
560 2416 603 2451 de
634 2426 701 2451 om.
726 2413 1020 2449 ABDEFH¹S²
1157 2412 1199 2446 de
1224 2409 1401 2445 sideribus
1426 2419 1493 2444 om.
1517 2408 1554 2445 R

138 2475 290 2510 siderius
315 2474 366 2509 A²
506 2474 549 2508 18
573 2473 709 2508 indicat
732 2472 842 2507 ABP
859 2471 938 2506 Sch.
1076 2467 1250 2513 numquid
1278 2467 1327 2502 M
1349 2465 1522 2509 editores,
1561 2476 1643 2500 nam

138 2532 265 2570 omisso
290 2532 377 2576 quid
400 2532 446 2576 1²²
583 2530 628 2565 20
652 2528 846 2564 habilitate
871 2528 926 2563 sui
956 2527 1108 2570 GMTb,
1149 2524 1355 2560 humilitate
1379 2524 1435 2558 sui
1462 2523 1501 2565 0,
1540 2522 1643 2557 habi-

138 2591 216 2624 tate
241 2589 296 2624 sui
320 2587 474 2631 HLRS,
514 2587 702 2622 habitante
727 2586 782 2620 sui
806 2586 891 2628 AB,
931 2584 1118 2619 habitante
1139 2583 1175 2617 ui
1199 2580 1360 2623 DEFP,
1400 2579 1444 2614 ab
1469 2579 1580 2614 insita
1603 2578 1642 2612 ui

138 2646 231 2681 coni.
263 2645 341 2681 Βοὴ.
481 2644 525 2679 ad
556 2644 586 2680 C
720 2643 766 2678 22
796 2642 914 2678 uoluit
945 2652 990 2677 ex
1014 2641 1141 2676 uolunt
1173 2638 1203 2674 S
1335 2636 1482 2681 angelus
1514 2635 1551 2671 R

137 2702 183 2737 23
208 2703 362 2748 angelici
388 2702 544 2738 editores
