1884 2998
642 103 702 138 De
727 104 854 138 statu
878 105 1052 140 animae
1080 105 1099 140 I
1125 105 1177 140 17.
1606 108 1662 151 63

158 230 281 282 atque
311 228 357 270 in
389 228 578 271 ossibus?
610 230 652 270 et
681 228 933 283 ubicumque
965 230 1147 272 animam
1177 230 1363 274 localiter
1394 245 1482 275 esse
1513 234 1657 285 eredi8‚

157 297 245 338 illic
282 296 409 339 ctiam
449 296 641 339 localiter
678 309 820 351 sapere
851 298 892 339 et
923 298 1113 340 localiter
1143 300 1324 353 cogitare
1365 301 1572 353 fateberis,
1621 303 1662 343 et

157 364 367 419 quoniam,
400 366 435 407 si
461 376 654 419 corporea
676 367 752 416 est,
786 366 957 407 eatenus
988 367 1098 408 inest
1130 367 1301 421 corpori,
1333 368 1392 419 ut,
1424 370 1534 412 sicut
1553 382 1659 423 aqua

156 435 308 488 utrem,
340 433 499 475 minore
531 432 597 475 sui
629 435 747 486 parte
778 434 957 476 minores
979 436 1116 488 partes
1148 434 1235 477 eius
1267 436 1426 489 inpleat
1448 441 1488 479 et
1508 439 1661 480 maiore

127 501 349 556 5maiores,
382 503 613 544 necessario
645 502 845 556 sequitur,
881 504 929 544 ut
959 503 1093 545 maior
1122 503 1187 545 illi
1218 504 1414 558 cogitatio
1436 506 1479 547 in
1500 509 1661 560 pectore

156 569 212 612 sit
242 572 284 612 et
315 570 451 612 minor
481 571 523 613 in
554 572 698 626 digito.
741 574 864 626 atque
895 572 955 614 ita
980 573 1155 625 quotam
1187 575 1347 626 partem
1378 573 1548 626 quisque
1571 586 1658 616 cor-

155 639 267 692 poris
298 638 480 682 uiuentis
512 639 750 692 absciderit,
788 641 923 683 totam
961 653 1120 694 quoque
1150 644 1311 694 partem
1343 642 1505 683 animae
1535 654 1662 696 uege-

155 706 287 748 tantis
326 707 515 760 abscidit,
562 720 609 750 ac
644 722 717 763 per
758 709 834 750 hoc
872 722 954 751 non
992 710 1111 751 tanta
1149 710 1228 751 erit
1268 709 1312 751 in
1347 710 1488 751 anima
1517 709 1660 763 utique

156 774 287 817 debili
319 777 387 818 uel
418 776 629 830 cogitandi
659 780 724 818 uis
745 777 812 819 uel
833 777 1019 830 potentia
1039 777 1343 819 reminiscendi.
1385 789 1520 818 aerem
1543 788 1661 818 nam-

110 856 248 897 loque,
282 857 329 886 ex
350 856 428 898 quo
451 847 523 887 aut
544 845 612 886 cui
638 844 819 887 similem
841 845 1023 887 animam
1054 857 1141 887 esse
1162 844 1418 898 pronuntias,
1443 845 1660 886 diuiduum

155 912 458 966 secabilemque
489 925 609 955 nemo
642 913 822 955 dubitat.
874 925 972 955 nam
1003 914 1044 954 et
1075 925 1169 955 cum
1201 912 1348 955 fiamus
1380 914 1422 955 et
1451 912 1659 962 reflamus,

155 981 382 1035 particulas
422 981 508 1024 eius
547 983 760 1024 haurimus
800 983 842 1024 et
873 982 1096 1034 reddimus,
1132 994 1233 1035 quas
1263 983 1306 1023 in
1336 984 1500 1035 pastum
1531 981 1660 1023 totius

154 1049 335 1102 corporis
367 1063 494 1092 uenae
524 1051 624 1093 illae
656 1051 839 1104 capiunt,
872 1063 971 1104 quas
1002 1047 1203 1106 ἀρτηρίας
1229 1050 1376 1093 Graeci
1397 1051 1558 1103 uocant,
1591 1062 1662 1102 per

154 1129 257 1171 quas
295 1117 408 1159 idem
447 1131 515 1160 aer
551 1120 596 1161 in
636 1120 1012 1174 temperamentum
1050 1119 1180 1161 trium
1223 1118 1522 1161 elementorum
1568 1118 1661 1172 pul-

110 1202 143 1228 15
156 1197 327 1228 monum
358 1200 519 1241 quoque
565 1187 769 1230 indefessa
808 1189 1032 1243 agitatione
1072 1188 1339 1242 dispergitur.
1390 1188 1460 1229 sed
1490 1187 1525 1227 si
1555 1186 1659 1228 hau-

154 1256 242 1296 stus
282 1267 352 1297 aer
389 1255 505 1298 iuxta
543 1257 794 1299 sententiam
832 1260 951 1298 tuam
993 1257 1044 1298 ad
1076 1257 1236 1298 animae
1268 1255 1448 1309 pertinet
1478 1254 1658 1308 pastum,

156 1322 253 1376 quia
297 1323 458 1365 scilicet
503 1336 567 1366 res
609 1325 721 1366 aeria
761 1325 1055 1367 conuenienter
1095 1324 1222 1366 alitur
1260 1336 1370 1374 aere,
1412 1335 1506 1377 ergo
1552 1323 1660 1364 sicut

155 1403 278 1444 supra
309 1391 466 1433 dictum
498 1393 561 1434 est
591 1405 684 1435 cum
716 1405 880 1447 corpore
912 1395 1018 1446 quod
1056 1394 1226 1447 uegetat
1247 1392 1393 1445 recipit
1415 1391 1658 1434 sectionem.

155 1458 218 1500 uis
251 1459 358 1501 certe
389 1459 613 1502 memoriae
636 1461 687 1502 ad
719 1462 850 1502 totam
882 1459 968 1502 sine
1001 1460 1241 1513 quaestione
1261 1461 1443 1513 pertinet
1463 1459 1659 1501 animam.

110 1543 144 1569 20
156 1538 278 1569 omne
318 1538 438 1581 porro
494 1539 640 1581 corpus
680 1527 908 1580 quamlibet
950 1539 1161 1581 magnum,
1211 1526 1440 1582 quamlibet
1482 1539 1659 1580 paruum

156 1595 290 1638 secari
320 1595 505 1650 profecto
536 1596 686 1649 potest,
728 1595 837 1649 quod
872 1595 1024 1638 idcirco
1055 1595 1120 1637 illi
1151 1595 1312 1651 accidit,
1345 1594 1442 1649 quia
1472 1594 1660 1648 partibus

157 1665 332 1708 constat.
382 1677 482 1707 nam
521 1664 722 1719 quidquid
761 1664 925 1718 partem
970 1664 1107 1718 habet,
1147 1666 1284 1717 potest
1328 1663 1471 1717 utique
1517 1663 1660 1713 diuidi,

158 1734 254 1788 quia
283 1745 378 1788 pars
407 1735 545 1787 potest
577 1745 601 1775 a
631 1733 748 1787 parte
779 1732 936 1775 diuelli.
983 1735 1231 1787 quapropter
1262 1732 1298 1774 si
1318 1744 1463 1786 corpus
1488 1734 1547 1773 est
1569 1731 1659 1773 ani-

225 1915 247 1949 2
272 1915 338 1949 illa
362 1914 408 1957 A,
450 1914 552 1949 illam
577 1914 768 1950 BDE'FP
881 1913 1050 1948 fateueris
1076 1913 1128 1948 R¹
1250 1912 1272 1946 3
1296 1912 1464 1956 quoniam
1488 1912 1531 1957 si]
1558 1922 1661 1957 quem

156 2006 201 2040 ad
225 2006 370 2041 modum
401 2007 474 2041 Mb
613 2006 719 2051 inest]
754 2005 812 2040 ide
836 2005 976 2048 ABHg
1017 2004 1054 2039 id
1079 2006 1134 2039 est
1164 2004 1208 2046 Ο,
1248 2004 1342 2037 idem
1366 2003 1419 2045 R,
1459 2003 1518 2037 ide
1544 2002 1574 2037 S

157 2062 252 2097 inest
277 2063 426 2108 corpori]
452 2063 491 2097 in
515 2073 656 2107 corpore
681 2062 898 2096 diffunditur
930 2061 1003 2096 Mb
1140 2060 1163 2095 4
1195 2060 1324 2094 minori
1355 2059 1553 2102 ABHLS,
1593 2060 1660 2093 mi-

156 2142 253 2177 noris
278 2143 315 2178 R
453 2143 476 2177 5
506 2142 559 2187 ut]
586 2144 621 2176 et
645 2141 966 2184 ABDEFHLR,
1005 2123 1040 2175 'et
1073 2140 1114 2184 S,
1156 2141 1197 2174 ut
1227 2141 1263 2174 et
1294 2139 1374 2175 Sch.
1514 2139 1533 2173 7
1567 2138 1662 2183 uegi-

156 2200 271 2234 tantis
296 2200 333 2235 R
460 2200 483 2234 8
508 2198 686 2234 abscidiat
709 2199 762 2240 A,
805 2198 966 2233 abscidat
994 2198 1028 2233 G
1148 2198 1315 2252 Qtanta
1341 2196 1372 2231 S
1494 2195 1536 2230 10
1561 2195 1660 2230 cuius

156 2268 440 2304 ABGHLR¹T
560 2267 601 2302 11
629 2266 771 2302 dubitet
795 2267 852 2301 H¹
975 2269 1011 2301 et
1036 2270 1122 2302 ante
1146 2277 1225 2301 cum
1249 2277 1313 2301 om.
1339 2264 1569 2300 ABDEFS¹

157 2328 193 2360 et
218 2325 385 2360 reflamus
410 2325 484 2360 Mb
504 2325 600 2366 Sch.,
642 2335 755 2359 aerem
782 2326 907 2358 flamus
932 2325 967 2358 et
995 2324 1039 2366 G,
1080 2334 1119 2359 ac
1143 2323 1308 2358 reflamus
1331 2322 1406 2356 rell.
1539 2320 1582 2355 13
1607 2331 1661 2354 ar-

155 2383 266 2418 terias
291 2382 424 2425 ELM,
467 2381 619 2427 artyrias
644 2381 717 2416 AB
726 2381 927 2423 0D²HRS,
968 2381 1112 2416 artirias
1137 2380 1211 2416 FG
1342 2379 1383 2413 17
1409 2388 1509 2413 aerea
1532 2378 1568 2412 B

157 2444 226 2507 llgll
253 2463 348 2505 (erat
373 2462 454 2508 ego)
478 2463 514 2498 R
653 2461 695 2497 19
727 2463 846 2496 totum
870 2462 907 2497 R
1045 2461 1284 2506 quaestionem
1309 2458 1447 2494 HR¹S¹
1585 2458 1661 2492 ani-

156 2530 252 2554 mam
278 2520 454 2564 (animum
470 2520 520 2564 R)
546 2519 700 2563 pertinet
725 2519 811 2554 libri
830 2522 982 2563 praeter
1005 2519 1053 2553 M
1058 2519 1078 2553 b
1191 2518 1234 2552 21
1261 2516 1395 2551 accedit
1420 2515 1573 2551 ABCH

156 2576 201 2611 23
239 2587 260 2610 a
291 2578 392 2621 parte
429 2587 496 2612 om.
531 2576 566 2611 L
704 2575 844 2621 diuelli]
879 2575 1037 2610 diuidere
1069 2575 1126 2609 illi
1159 2574 1249 2615 AB,
1289 2573 1402 2608 diuidi
1433 2571 1658 2608 DEFLPR

158 2633 236 2677 (qui
256 2636 341 2677 post
365 2634 462 2668 hanc
485 2643 609 2668 uocem
634 2633 795 2677 plurium
819 2632 1010 2667 literarum
1033 2641 1205 2667 rasuram
1229 2629 1346 2673 habet)
1500 2627 1658 2663 diuidere

157 2722 178 2746 a
202 2713 303 2757 parte
327 2712 384 2747 illi
408 2713 466 2756 H,
506 2712 667 2747 diuidere
692 2723 713 2746 a
736 2714 836 2757 parte
860 2712 916 2746 illi
943 2711 973 2746 S
1102 2711 1365 2755 qullalfpropter
1389 2709 1424 2745 R
