1884 2998
617 81 676 116 De
701 83 829 116 statu
854 82 1031 116 animae
1059 82 1098 117 11
1124 82 1155 117 7.
1560 85 1637 127 121

134 210 222 262 ipso
252 207 414 251 scilicet
445 208 560 250 fonte
590 208 766 250 hauriet.
817 207 1029 250 enimuero
1060 210 1215 249 memet
1238 221 1360 251 causa
1381 210 1640 252 auctoritatis

136 276 179 318 in
211 276 386 317 eundem
417 276 524 318 tanti
555 275 843 318 testimonium
864 275 1101 329 philosophi
1128 276 1271 318 iecisse
1292 277 1482 329 sufficiet,
1515 278 1640 320 sicuti

135 347 370 387 ceterorum
402 347 496 398 post
527 344 626 386 hinc
647 344 828 386 strictim
853 344 1034 398 proferre
1057 346 1289 387 conueniet.
1320 345 1473 387 iniuria
1493 359 1641 401 nempe

137 426 161 455 a
192 425 398 466 quoquam
439 413 624 466 poscitur
663 414 705 454 et
735 414 1030 466 argumentum
1075 413 1231 466 pariter
1261 415 1303 455 et
1342 414 1639 457 testimonium.

107 507 123 532 5
194 491 401 546 Archytas
441 492 610 546 perinde
650 492 898 533 Tarentinus
938 492 1128 546 idemque
1167 492 1470 547 Pythagoricus
1513 494 1558 535 in
1595 507 1640 537 eo

136 572 269 614 opere,
303 561 409 614 quod
440 559 708 614 magnificum
730 559 778 602 de
799 572 937 601 rerum
959 561 1107 602 natura
1127 560 1324 614 prodidit,
1347 564 1440 614 post
1461 563 1641 604 multam

135 632 185 671 de
214 630 396 671 numeris
437 629 840 682 subtilissimamque
882 629 1227 682 disputationem:
1268 629 1457 682 anima,
1490 630 1639 683 inquit,

135 698 192 739 ad
224 699 513 751 exemplum
546 697 700 739 unius
733 699 1004 751 conposita
1034 699 1137 748 est,
1171 709 1298 751 quae
1338 697 1417 740 sic
1448 697 1641 740 inloca-

134 766 261 807 liter
292 766 597 808 dominatur
627 766 678 807 in
711 777 950 820 corpore,
982 767 1121 807 sicut
1151 778 1283 807 unus
1314 765 1366 807 in
1397 767 1642 809 numeris.

90 848 122 873 10
135 834 247 886 quid,
280 846 441 888 quaeso,
474 834 722 887 praecelsius
753 836 891 887 potest
921 833 1016 884 dici,
1061 834 1159 887 quid
1189 833 1358 876 uerius?
1399 837 1458 877 ad
1488 835 1641 877 unius

135 903 331 944 uidelicet
370 903 661 957 exemplum
702 903 1000 956 conposita,
1042 903 1139 955 quia
1175 904 1226 944 ad
1258 902 1381 944 unius
1412 902 1639 957 imaginem

135 970 246 1013 facta
278 974 351 1013 est.
400 973 441 1013 et
472 972 626 1013 idcirco
657 984 764 1013 unus
796 973 859 1014 est
889 971 1123 1024 exemplum
1154 971 1381 1025 principale
1402 972 1640 1021 formarum,

136 1041 332 1092 quoniam
371 1039 609 1081 formabilia
648 1040 699 1082 ab
745 1039 819 1082 illo
859 1039 1011 1081 formas
1045 1039 1227 1094 capiunt,
1267 1041 1338 1093 qui
1378 1052 1460 1082 non
1495 1041 1641 1094 coepit.

139 1107 303 1162 Hippon
342 1108 654 1162 Metapontinus
686 1121 733 1150 ex
765 1110 905 1150 eadem
945 1108 1084 1150 schola
1115 1107 1375 1162 Pythagorae
1406 1109 1641 1162 praemissis

91 1191 123 1218 15
135 1188 206 1230 pro
245 1177 358 1218 statu
398 1178 628 1219 sententiae
673 1189 768 1218 suae
809 1176 1099 1220 insolubilibus
1136 1177 1393 1230 argumentis
1425 1177 1473 1219 de
1504 1178 1643 1219 anima

137 1245 196 1287 sic
234 1246 495 1298 pronuntiat:
535 1246 688 1299 longe
728 1245 875 1288 aliud
916 1245 1110 1300 anima,
1142 1245 1289 1287 aliud
1320 1258 1509 1299 corpus
1541 1246 1640 1295 est,

137 1326 262 1367 quae
310 1326 523 1368 corpore
570 1316 618 1356 et
658 1314 904 1368 torpente
944 1314 1098 1368 uiget
1139 1315 1189 1355 et
1213 1327 1365 1356 caeco
1400 1314 1554 1356 uidet
1592 1314 1643 1356 et

136 1384 339 1425 mortuo
371 1384 533 1433 uiuit,
565 1382 674 1424 unde
705 1383 860 1432 autem,
903 1382 967 1438 [si]
1002 1382 1080 1424 hoc
1111 1385 1187 1433 est,
1230 1395 1309 1436 quo
1340 1383 1540 1436 principio
1571 1395 1643 1424 ne-

136 1451 239 1493 scire
271 1464 313 1493 se
344 1452 458 1493 dicit.
498 1452 569 1493 sed
600 1464 679 1493 11011
702 1452 762 1493 ita
784 1463 893 1492 nunc
914 1452 1100 1493 omnium
1122 1451 1460 1504 philosophorum
1482 1451 1641 1505 Pytha-

92 1532 125 1558 20
136 1519 298 1573 goricae
343 1520 527 1561 familiae
572 1520 802 1562 sententias
852 1532 1085 1573 persequor,
1132 1520 1180 1561 ut
1224 1520 1389 1561 easdem
1440 1516 1643 1573 copiosius

139 1588 370 1642 aggerando
402 1588 451 1630 de
484 1588 630 1630 alienis
655 1589 879 1630 admodum
901 1588 1182 1630 uoluminibus
1206 1601 1344 1630 meum
1367 1588 1516 1631 faciam
1539 1588 1642 1630 satis

137 1656 341 1698 arbitrans
371 1659 526 1698 memet
557 1656 808 1710 principium
840 1656 1107 1710 Pythagorici
1136 1657 1342 1711 gymnasii
1365 1657 1414 1698 de
1434 1656 1643 1709 praesenti

138 1725 384 1782 quaestione
419 1725 526 1767 scita
565 1724 773 1766 euidentia
804 1724 1039 1779 protulisse,
1078 1726 1212 1766 certus
1243 1724 1404 1766 seilicet
1435 1726 1641 1767 neminem

209 1909 229 1941 1
263 1907 378 1942 aui-iet
417 1908 546 1950 GMR,
588 1907 708 1942 auriat
739 1908 792 1951 B,
833 1908 977 1942 hauriat
1010 1907 1273 1952 DEFp280h.
1411 1906 1644 1941 auctoritates

140 1965 270 2000 BH¹R
409 1965 430 1998 2
461 1965 621 2010 eundem]
647 1965 805 1999 medium
830 1966 924 2000 coni.
950 1966 1132 2000 Barthius
1268 1964 1292 1999 4
1321 1974 1389 2009 quo
1419 1964 1449 1999 C
1583 1974 1645 2008 pa-

139 2023 252 2056 scitur
283 2021 386 2057 OGR
514 2023 534 2056 5
561 2023 691 2056 arcitas
716 2012 1063 2064 AB'OFHLMRS,
1105 2021 1261 2056 architas
1287 2021 1327 2055 E
1449 2020 1645 2063 itidemque

140 2080 235 2115 coni.
274 2080 455 2114 Barthius
593 2079 850 2124 phytagoricus
889 2079 932 2122 S,
977 2079 1222 2124 phitagoricus
1258 2078 1295 2113 R
1435 2078 1454 2112 7
1491 2077 1644 2112 utilissi-

139 2170 304 2204 mamque
329 2160 400 2194 Mb
539 2160 560 2194 9
586 2161 692 2194 unius
719 2159 894 2195 BH¹RS¹
1036 2159 1079 2193 10
1103 2140 1251 2203 pcelsius
1276 2157 1306 2192 S
1433 2157 1502 2192 dici
1528 2157 1646 2200 potest

143 2216 177 2252 G
202 2217 357 2252 editores
473 2217 528 2261 ad]
556 2219 620 2251 aut
644 2217 679 2251 A
796 2217 839 2251 12
863 2216 1057 2250 formatum
1084 2215 1160 2259 812²
1277 2215 1319 2249 13
1350 2214 1465 2259 coepit
1496 2213 1644 2257 BHSp,

140 2274 235 2319 cepit
258 2273 348 2315 FL,
387 2274 481 2318 cepit
506 2274 582 2308 rell.
611 2277 644 2308 et
669 2273 825 2309 editores
977 2273 1020 2307 14
1052 2272 1183 2316 hippon
1215 2272 1481 2316 metapontinus
1504 2269 1646 2314 scripsi,

139 2331 284 2376 hyppon
321 2331 604 2376 mettapontinus
646 2331 695 2373 G,
759 2341 922 2376 ypomme
963 2332 1128 2375 (yponme
1168 2329 1331 2371 HLRS,
1396 2329 1548 2372 ipommc
1588 2327 1644 2369 M,

139 2400 289 2434 ypomne
320 2390 364 2431 O,
404 2400 544 2434 yponne
567 2390 624 2431 D,
666 2390 843 2434 hypomne
867 2389 948 2431 PT)
976 2388 1177 2422 tarentinus
1201 2388 1296 2429 rell.‚
1337 2386 1565 2430 hippomenes
1589 2387 1644 2419 ta-

140 2447 303 2482 rentinus
329 2447 428 2489 Sch„
469 2457 648 2482 eromenes
674 2446 877 2480 tarentinus
903 2447 922 2480 b
1039 2444 1224 2490 promissis
1249 2443 1285 2478 R
1410 2443 1451 2478 15
1477 2442 1645 2477 scientiae

141 2527 170 2561 S
308 2509 567 2562 insfilubilibus
603 2527 632 2562 S
772 2527 814 2561 18
851 2527 882 2561 si
918 2526 1022 2561 uncis
1057 2525 1192 2560 inclusi
1230 2528 1266 2558 et
1292 2527 1376 2568 post
1407 2523 1498 2558 dicit
1529 2523 1643 2558 inter-

141 2584 344 2630 rogationis
367 2585 517 2630 samum,
543 2584 639 2629 quod
658 2584 837 2629 praebent
862 2583 1028 2625 editores,
1053 2582 1186 2617 sustuli
1308 2581 1351 2614 19
1377 2580 1508 2615 dicitur
1532 2579 1645 2614 ΑΒΖ)

140 2640 335 2685 HLRSp²
459 2652 529 2675 non
556 2652 621 2676 om.
647 2641 677 2675 S
803 2640 847 2675 ‘22
872 2639 1124 2685 pythagoricae
1149 2636 1383 2673 ABHLRS¹
1509 2635 1554 2670 23
1579 2635 1644 2670 sci-

140 2697 238 2742 licet]
265 2698 326 2742 qui
351 2697 388 2732 in
411 2698 476 2732 hoc
499 2697 585 2732 add.
616 2698 663 2731 M
670 2699 689 2732 b
