1884 2998
248 119 303 162 58
764 114 1013 150 Claudiani
1037 114 1248 149 Mamerti

924 262 1082 317 XIHI.

247 390 551 423 NVLLATENVS
592 390 881 421 SPIRITVALIA
923 389 1173 421 CORPOREIS
1214 389 1375 421 OCVLIS
1410 390 1571 420 VIDERI
1608 389 1756 421 POSSE.

304 482 436 524 Valde
467 481 607 524 autem
638 484 782 535 stupeo
814 493 893 535 quo
920 480 1040 522 modo
1063 481 1267 535 quispiam
1291 480 1554 523 Christianus
1577 481 1756 523 doctoris

246 551 492 605 praesertim
522 552 609 593 loco
641 549 810 592 definiat
842 549 1016 592 cuilibet
1047 549 1235 603 pulchro,
1270 548 1442 591 cuilibet
1474 548 1647 591 sublimi
1671 561 1756 592 cor-

246 620 349 674 pori,
382 619 541 673 corpori
572 621 716 661 tamen
747 618 1111 672 contemplabilem
1142 620 1266 661 deum
1297 618 1384 661 fore
1415 619 1456 660 et
1477 618 1757 661 uniuersalem
1788 636 1805 662 ⁵

247 688 381 730 uideri
419 687 609 730 localiter
648 698 780 742 posse,
824 699 918 729 cum
961 689 1083 730 deum
1123 688 1263 730 uidere
1295 688 1373 730 hoc
1405 688 1459 729 sit
1490 687 1751 743 intellegere.

246 756 509 800 intellectum
549 768 646 799 uero
688 756 865 799 localem
901 769 980 799 non
1011 768 1099 798 esse
1130 757 1198 799 uel
1229 756 1511 811 intellegendo
1545 756 1756 810 cognosci-

246 838 355 878 mus,
388 827 485 880 quia
515 825 550 867 si
580 825 822 868 intellectus
853 826 996 868 localis
1019 828 1095 877 est,
1122 825 1252 868 locale
1284 826 1363 868 erit
1396 828 1436 867 et
1459 825 1567 879 quod
1589 825 1756 866 intelle-

245 893 372 948 gitur.
424 895 528 937 nihil
570 894 682 936 enim
722 894 854 936 locale
885 896 959 944 est,
1001 896 1109 948 quod
1149 907 1232 937 non
1272 897 1313 936 et
1355 895 1493 948 ipsum
1534 894 1647 936 locus
1680 895 1755 935 est.

247 963 292 1005 at
322 963 358 1004 si
396 963 635 1006 intellectus
673 963 820 1005 localis
859 965 900 1005 et
931 963 975 1005 in
1006 964 1082 1005 1106
1115 963 1226 1015 deus,
1261 962 1356 1017 quia
1386 964 1464 1005 hoc
1493 961 1755 1016 intellegitur
1771 980 1805 1005 ιο

247 1032 361 1085 deuS,
402 1043 498 1086 ergo
539 1031 682 1074 localis
726 1034 788 1074 est
831 1033 945 1074 deus.
998 1032 1106 1086 quod
1137 1033 1235 1086 quia
1265 1034 1480 1086 repugnat,
1512 1030 1756 1086 intellegere

246 1113 319 1144 nos
350 1102 524 1155 oportet,
558 1104 744 1144 constare
775 1102 985 1143 hominem
1008 1114 1054 1143 ex
1076 1114 1268 1156 corporeo
1291 1104 1331 1143 et
1353 1101 1609 1154 incorporeo,
1640 1101 1756 1141 utro-

247 1181 326 1223 que
366 1170 409 1212 in
449 1169 597 1212 melius
637 1170 909 1221 reformando,
952 1173 1138 1212 constare
1180 1171 1375 1225 angelum
1418 1172 1459 1211 et
1501 1181 1666 1222 corpore
1715 1170 1758 1210 et

247 1238 399 1291 spiritu
439 1238 659 1292 praecipua
698 1239 808 1280 inter
851 1240 1061 1281 creaturas
1103 1239 1309 1293 dignitate
1351 1240 1543 1280 formato.
1586 1237 1757 1292 spiritus

246 1306 312 1348 illi
342 1319 522 1361 namque
554 1309 616 1350 est
647 1307 759 1348 omni
790 1307 941 1361 spiritu
983 1308 1118 1349 creato
1159 1308 1379 1361 potentior,
1424 1319 1568 1360 corpus
1611 1306 1677 1348 illi
1708 1307 1756 1349 (16
1773 1325 1806 1351 15

246 1375 465 1430 potissimo
497 1377 684 1418 omnium
720 1376 925 1419 elemento
957 1377 1178 1418 sublimius
1209 1376 1433 1419 secundum
1457 1376 1563 1418 illud
1584 1376 1756 1429 prophe-

248 1444 393 1499 ticum,
425 1445 498 1487 ubi
530 1446 721 1499 angelica
751 1445 990 1488 substantia
1022 1446 1172 1499 duplex
1203 1447 1291 1489 sine
1323 1445 1585 1488 dubitatione
1618 1444 1756 1497 perhi-

246 1513 382 1563 betur,
415 1526 494 1567 quo
531 1513 692 1556 dictum
729 1515 815 1557 est:
847 1515 934 1568 qui
966 1515 1100 1558 facit
1131 1515 1349 1570 angelos
1380 1526 1500 1556 suos
1531 1513 1758 1567 spiritus

249 1583 299 1623 et
339 1581 621 1625 ministros
663 1595 786 1625 suos
827 1584 998 1638 ignem
1034 1584 1281 1626 urentem.
1345 1584 1485 1638 ignem
1535 1595 1631 1624 uero
1675 1595 1757 1625 non

249 1662 338 1692 esse
369 1650 563 1704 spiritum
595 1653 635 1693 et
666 1651 860 1705 spiritum
891 1652 1060 1706 perinde
1096 1652 1237 1705 ignem
1259 1664 1341 1694 non
1379 1664 1466 1694 esse
1486 1651 1758 1693 manifestum
1771 1670 1805 1696 20

249 1719 327 1770 est,
379 1718 477 1773 quia
516 1732 596 1761 non
636 1719 735 1762 istic
775 1719 994 1775 allegorice
1030 1720 1189 1774 aliquid
1221 1720 1509 1774 accipiendum
1541 1721 1616 1772 est,
1649 1719 1758 1762 sicut

247 1787 353 1829 illud
394 1788 464 1831 ubi
505 1788 565 1830 ait
606 1788 818 1831 dominus:
849 1788 1022 1842 ignem
1054 1790 1177 1831 ueni
1207 1789 1426 1831 mittere
1458 1791 1509 1831 in
1541 1790 1754 1838 terram,

249 1867 344 1897 cum
375 1858 424 1899 de
455 1858 596 1899 sancto
627 1857 781 1911 spiritu
814 1858 981 1900 diceret.
1035 1870 1115 1900 non
1146 1859 1257 1900 enim
1289 1858 1398 1900 credi
1430 1859 1492 1900 fas
1515 1859 1575 1900 est
1597 1857 1756 1899 animas

247 1924 450 1967 humanas
492 1926 544 1967 ad
584 1938 767 1968 amorem
805 1927 995 1969 diuinum
1026 1927 1345 1981 participatione
1375 1925 1553 1980 angelici
1584 1925 1756 1979 spiritus

247 1992 513 2045 inflammari,
549 1994 647 2048 quia
678 1994 818 2037 eodem
850 1996 956 2037 dono
988 1997 1118 2038 bonus
1150 1998 1213 2038 est
1243 1996 1382 2045 homo,
1416 2007 1495 2049 quo
1526 1995 1658 2037 bonus
1693 1994 1757 2036 est
1771 2012 1808 2039 25

389 2146 432 2180 18
456 2145 589 2180 Psalm.
616 2146 693 2189 103,
719 2146 741 2180 4
879 2147 924 2181 22
949 2146 1033 2182 Luc.
1061 2148 1114 2190 12,
1137 2147 1182 2182 49

318 2287 340 2321 5
365 2286 616 2321 uniuersaliter
641 2287 714 2321 AB
829 2287 851 2321 8
880 2287 974 2331 quod.
999 2287 1029 2322 si
1055 2288 1093 2330 b,
1135 2289 1236 2332 quasi
1262 2288 1351 2323 BG¹
1468 2289 1489 2323 9
1515 2290 1609 2334 quod
1633 2301 1756 2325 non—

250 2346 305 2378 est
330 2354 396 2378 om.
430 2344 459 2379 O
596 2344 640 2378 10
664 2343 740 2388 hoc]
768 2343 824 2378 ide
848 2355 871 2390 p
896 2344 962 2379 hoc
994 2345 1025 2379 G
1182 2345 1224 2380 13
1248 2347 1425 2380 cumstare
1449 2345 1485 2381 R
1621 2349 1658 2382 et
1683 2358 1758 2382 cor-

248 2401 344 2446 pore]
383 2411 422 2435 ex
460 2411 599 2445 corpore
635 2401 689 2435 D²
715 2400 795 2437 Sch.
969 2402 1012 2436 15
1049 2402 1111 2436 ille
1146 2402 1339 2437 ABDEF
1360 2402 1437 2437 Seh.
1613 2405 1758 2449 spiritui

249 2457 485 2492 AB¹CHLS
619 2457 681 2492 ille
710 2458 802 2500 AB,
843 2458 935 2493 illud
966 2459 1084 2494 ΒΕΓ
1098 2459 1176 2494 Sch.
1317 2459 1358 2493 de
1389 2471 1454 2494 om.
1488 2461 1664 2496 Galland.

251 2515 295 2549 16
319 2514 478 2548 omnium
504 2524 570 2549 om.
600 2514 631 2549 S
747 2515 1001 2550 elementorum
1026 2516 1097 2550 Mb
1214 2516 1364 2551 sublime
1383 2527 1426 2551 ea:
1442 2517 1606 2553 sublimis
1631 2518 1666 2554 R

251 2594 295 2629 17
319 2593 491 2638 gphibetur
515 2594 544 2630 Ο
681 2595 724 2630 18
749 2595 843 2640 quod
874 2595 1025 2631 CDMR
1158 2596 1199 2631 21
1227 2574 1298 2653 istie?
1324 2597 1367 2641 S,
1409 2598 1481 2632 ista
1505 2598 1757 2640 ABDG²HL,

250 2663 322 2719 ista
345 2662 386 2697 F
512 2663 694 2707 alligorice
719 2664 756 2700 R
888 2664 1024 2708 aliquid
1049 2675 1114 2699 om.
1141 2665 1305 2710 BDFP²
1436 2666 1480 2700 23
1504 2666 1559 2701 fas
1585 2669 1640 2702 est
1665 2666 1758 2701 credi

252 2731 282 2767 S
417 2730 462 2765 24
486 2732 761 2776 partitipatione
787 2732 817 2767 S
952 2733 996 2768 25
1021 2733 1122 2778 dono]
1150 2733 1242 2769 bono
1267 2735 1307 2769 E
1443 2737 1526 2780 quia
1551 2737 1587 2771 A
