1884 2998
760 81 985 128 Epistula.
1569 86 1622 128 1⁷

122 207 228 250 aeris
271 207 393 248 huius
433 207 684 249 admixtione
725 207 898 250 collecta
938 207 1118 250 fiammis
1157 210 1394 253 inueniatur
1434 211 1621 264 obnoxia,

122 287 217 329 ergo
258 275 302 316 in
342 287 434 317 aere
475 274 561 317 solo
607 276 744 328 (prout
785 276 857 326 ait,
900 276 933 317 si
974 288 1139 319 aereum
1181 279 1255 332 est,
1287 280 1392 332 quod
1423 280 1619 334 ardebit),

121 356 203 385 non
247 344 290 385 in
336 343 422 394 illo,
470 344 540 385 sed
579 346 695 385 extra
740 344 859 386 illum
905 356 1033 397 poena
1079 346 1300 388 desaeuiet.
1351 348 1422 389 sed
1468 349 1620 402 absque

122 412 245 454 dubio
287 424 369 454 non
411 413 523 454 aliud
565 415 639 460 est,
671 425 795 466 quam
827 413 1059 455 substantia
1090 416 1281 467 corporis,
1314 415 1387 456 ubi
1417 417 1619 458 dominari

92 481 274 533 5poterit
319 482 382 522 uis
429 481 592 522 doloris.
645 481 739 523 uide
785 493 863 534 quo
909 483 1053 523 tendat
1093 482 1317 535 inprudens
1358 486 1399 524 et
1440 484 1620 537 inperita

121 549 347 602 persuasio,
373 550 444 602 qui
475 550 756 602 incorporeum
788 563 882 592 cum
904 551 1098 603 loquitur,
1138 551 1264 593 etiam
1286 552 1618 606 inconprehensi-

120 618 249 659 bilem
289 618 520 668 confitetur,
573 630 619 659 ac
665 618 726 659 sic
766 619 927 660 condito
973 619 1173 661 adscribit
1219 620 1342 673 operi,
1391 621 1497 673 quod
1544 621 1620 662 soli

123 686 307 740 conpetit
352 686 563 738 conditori,
620 698 666 727 ac
716 687 836 728 rebus
881 687 1027 729 creatis
1070 688 1350 729 communicat
1398 688 1619 743 priuilegia

121 755 355 796 maiestatis
395 755 437 796 et
476 754 705 796 indebitam
737 755 919 797 facturae
950 757 1176 809 potentiam
1210 768 1337 809 usque
1369 756 1420 798 ad
1452 756 1619 798 factoris

75 840 108 865 ιο
123 824 307 865 extendit
347 822 556 864 iniuriam.
609 824 643 865 si
676 825 777 866 bene
815 823 1072 877 requiramus
1103 824 1154 866 ad
1188 836 1286 877 quos
1317 837 1454 866 rerum
1487 826 1618 867 exitus

121 892 306 933 animum
338 892 505 941 referas,
538 892 639 934 haec
670 893 737 933 uel
770 892 947 934 maxime
979 892 1189 934 diabolum
1222 893 1441 935 credulitas
1473 906 1518 935 ex
1545 893 1619 935 illa

118 960 265 1002 beatae
306 961 413 1002 sedis
454 961 630 1002 statione
662 961 861 1012 deuoluit‚
900 964 941 1003 et
972 963 1138 1015 propter
1168 962 1244 1003 hoc
1274 963 1409 1016 angeli
1439 962 1618 1014 perdidit

119 1031 381 1085 dignitatem,
416 1030 514 1071 dum
547 1043 588 1072 se
620 1030 684 1071 dei
716 1030 943 1083 praesumit
994 1031 1142 1073 habere
1176 1033 1382 1073 naturam.

174 1111 291 1152 Vnus
334 1123 430 1165 ergo
474 1111 573 1152 deus
616 1110 891 1164 incorporeus,
936 1112 1030 1163 quia
1061 1114 1101 1151 et
1131 1109 1547 1163 inconprehensibilis
1577 1112 1617 1151 et

70 1195 104 1220 15
118 1179 270 1232 ubique
312 1179 509 1221 diffusus:
553 1191 600 1220 ex
640 1179 798 1221 nullius
835 1178 945 1220 enim
978 1179 1164 1220 facturae
1196 1191 1411 1231 corporeae
1442 1179 1616 1220 materia

120 1246 392 1303 <materia>le
422 1249 599 1301 sumpsit
621 1247 845 1296 exordium,
895 1250 935 1289 et
972 1247 1063 1288 ideo
1085 1250 1325 1289 coaeternus
1361 1247 1470 1289 filius
1491 1247 1611 1300 patri,

115 1316 212 1370 quia
254 1329 301 1357 ex
343 1317 457 1358 nullo
499 1328 619 1369 opere
659 1316 846 1358 conditus
878 1316 1087 1370 nullisque
1117 1315 1248 1357 initiis
1280 1317 1615 1369 circumscriptus

114 1374 243 1438 super
277 1385 429 1436 omnia,
472 1397 574 1438 quae
604 1385 732 1439 figulo
764 1391 837 1426 suo
869 1384 1240 1438 conprehensibilia
1271 1387 1392 1438 atque
1424 1396 1615 1438 corporea

113 1452 227 1496 intra
257 1453 405 1495 mundi
436 1465 582 1508 corpus
615 1456 805 1507 operatus
836 1454 911 1503 est,
944 1454 1184 1507 incorporea-
1211 1453 1428 1494 maiestate
1462 1452 1612 1493 diffun-

66 1522 241 1574 aditur,
283 1536 331 1565 ex
370 1523 556 1576 ingenito
597 1524 761 1578 genitus
803 1523 845 1564 id
888 1526 950 1564 est
992 1536 1038 1564 ex
1066 1524 1197 1576 patre,
1230 1521 1300 1564 sed
1330 1533 1489 1574 semper
1519 1533 1611 1562 cum

112 1592 229 1645 patre
268 1591 333 1634 his
374 1605 479 1646 quae
521 1591 720 1634 excitauit
762 1604 809 1633 ex
850 1592 981 1633 nihilo
1024 1591 1246 1633 indiscreta
1276 1589 1410 1632 sancti
1442 1588 1612 1643 spiritus

113 1661 309 1703 societate
351 1661 602 1703 dominatur.

183 1854 199 1887 1
234 1852 441 1887 inueniatur
479 1852 670 1894 Canisius,
713 1852 916 1887 inuenietur
948 1852 981 1886 Z
1117 1852 1139 1885 2
1166 1861 1234 1895 pro
1266 1861 1343 1885 aere
1375 1851 1526 1885 uidetur
1550 1849 1612 1883 deo

111 1914 255 1946 exstare
285 1911 327 1944 in
358 1910 394 1944 Z
526 1911 548 1945 3
579 1921 619 1944 ex
651 1910 686 1944 Z
821 1909 1000 1944 desaeuiet
1029 1909 1236 1951 Hartelius,
1278 1908 1472 1942 desaeuiret
1502 1907 1610 1942 Cani-

109 1969 204 2008 εἰπε,
245 1967 383 2002 desatui
416 1970 452 2002 et
484 1968 519 2002 Z
654 1968 676 2001 6
709 1968 952 2011 incorporeum
984 1977 1060 2000 cum
1094 1966 1242 2010 scripsi,
1282 1965 1541 2008 incorporecum
1567 1965 1608 2004 Z.

111 2026 351 2069 incorporeum
379 2024 551 2059 Canisius
682 2029 719 2058 et
742 2025 813 2058 iam
840 2024 1009 2058 Canisius
1145 2023 1167 2057 8
1198 2021 1457 2056 communicant
1487 2021 1523 2055 Z

110 2082 132 2116 9
167 2083 325 2116 facturae
359 2082 505 2126 scripsi,
547 2082 687 2116 futurae
725 2082 771 2123 Z,
820 2082 1001 2115 creaturae
1043 2080 1226 2121 canisius,
1267 2090 1316 2113 an
1352 2079 1487 2112 feturae
1521 2078 1609 2113 scri-

109 2139 264 2174 bendum
284 2139 302 2173 ,9
443 2139 483 2173 11
517 2138 708 2172 crudelitas
738 2138 910 2173 Canisius
1049 2136 1092 2171 14
1122 2139 1158 2171 et
1176 2139 1260 2180 post
1284 2135 1367 2179 quia
1390 2145 1456 2170 om.
1482 2134 1552 2168 Ma
1576 2137 1610 2168 et

110 2197 276 2232 schottus
405 2198 445 2231 15
472 2196 573 2230 nulla
591 2196 684 2229 enim
703 2196 843 2230 factura
866 2195 940 2229 Mb
1066 2204 1230 2237 corporea
1248 2193 1295 2228 M
1301 2193 1321 2227 b
1339 2191 1430 2233 Sch„
1466 2201 1608 2235 corpore

115 2255 288 2290 Oanisius
404 2253 598 2298 corporeae]
625 2252 856 2286 subsistentia
881 2251 964 2286 add.
992 2251 1021 2286 S
1133 2251 1280 2285 materia
1298 2248 1480 2283 materiale
1505 2248 1606 2282 Har-

109 2312 231 2353 tehus,
279 2313 428 2345 materia
458 2312 518 2345 ille
550 2311 628 2355 ipse
660 2311 745 2344 oli-m
776 2310 1015 2348 conieceram,
1064 2308 1246 2342 materiale
1278 2307 1360 2340 libri
1389 2309 1535 2349 praeter
1559 2304 1606 2345 E,

109 2369 172 2412 qui
206 2369 353 2402 materia
376 2368 482 2403 habet
622 2368 663 2401 16
688 2368 921 2410 quoacternus
945 2365 1018 2407 CZ,
1055 2376 1083 2409 q.
1112 2366 1275 2398 aeternus
1300 2363 1352 2403 R,
1388 2362 1471 2405 quia
1496 2363 1604 2394 aeter-

108 2437 176 2460 nus
211 2426 415 2467 ABEFH,
457 2426 540 2469 quia
576 2426 779 2459 coaeternus
817 2423 842 2456 S
1005 2422 1097 2466 patri
1134 2421 1227 2455 filius
1263 2417 1517 2453 ABEFHRS

110 2483 150 2518 17
169 2482 454 2518 circumscribtus
471 2482 512 2525 Z,
536 2479 837 2516 circumscribitur
861 2479 1028 2514 Canisius
1156 2476 1282 2510 factori
1299 2475 1368 2508 Ma
1386 2477 1418 2508 et
1437 2473 1514 2508 Sch.

109 2540 152 2575 19
186 2540 359 2575 mundum
395 2540 430 2574 Z
445 2540 616 2575 canisius
755 2539 921 2580 operatur
959 2536 979 2569 b
1119 2536 1171 2567 est
1202 2544 1266 2567 om.
1299 2531 1369 2565 Mb
1508 2530 1553 2563 20
1585 2540 1604 2562 a

106 2600 207 2642 patre
238 2598 268 2633 G
396 2597 436 2631 21
465 2596 526 2640 qui
552 2596 586 2629 Z
710 2594 836 2638 nihilo]
864 2597 898 2628 et
922 2592 1007 2627 add.
1033 2592 1068 2625 Z
1194 2590 1238 2623 2⁴2
1264 2587 1477 2631 dominatur]
1503 2596 1602 2620 amen

106 2654 190 2688 add.
217 2655 249 2688 Z
267 2655 437 2689 Ccmisius

178 2769 235 2802 xi.
1444 2758 1463 2791 ‘2
