1884 2998
1487 119 1616 150 XXVII

119 239 222 267 nani
261 238 378 278 quae,
410 224 583 279 malum,
629 226 741 267 ratio
782 229 853 280 est,
887 227 1064 269 codicem
1096 226 1131 268 G
1160 229 1382 281 genuinam
1422 230 1614 282 praebere

121 295 344 337 lectionem
374 295 487 347 puto.
542 294 643 336 haec
673 296 813 336 autem
852 295 982 337 rarior
1014 296 1190 336 elocutio
1221 296 1305 337 sine
1337 297 1459 339 dubio
1491 299 1617 340 etiam

123 363 275 404 codicis
305 362 351 403 M
381 362 666 415 interpolatori
697 365 793 404 ante
823 363 959 404 oculos
981 363 1239 413 uersabatur‚
1271 376 1393 417 quam
1415 366 1464 406 ob
1486 367 1616 419 ipsam

122 431 339 472 raritatem
361 430 648 471 immutauisse
671 431 877 483 putandus
900 433 975 472 est.
993 454 1046 461 -—
1065 430 1159 482 183,
1177 432 1203 472 6
1219 433 1418 484 quoniam
1438 434 1501 473 uti
1523 434 1615 487 aqi-

121 499 221 540 tatis
257 501 364 540 retro
400 498 753 547 disputationibus
784 499 1023 540 edocuimus
1054 499 1181 540 nimis
1212 499 1293 541 tate
1315 503 1434 553 patet
1463 502 1510 542 in
1542 503 1614 556 (M,

126 569 169 608 in
207 581 284 609 om.
325 567 430 619 rell.)
469 566 803 621 huiuscemodi>
840 568 1023 620 (scripsi,
1056 580 1135 609 om.
1165 567 1278 623 libri)
1310 569 1617 620 quaestionibus

123 636 382 677 inmensum:
419 636 605 677 uoculam
640 635 687 676 in
718 637 883 688 apertae
913 635 1241 689 interpolationis
1272 637 1426 678 indicia
1455 649 1548 690 prae
1579 650 1620 679 se

122 705 227 745 ferre
250 705 394 757 sponte
415 703 688 757 intellegitur,
712 705 781 745 sed
803 717 931 757 neque
954 705 1267 756 quaestionibus
1287 707 1394 746 recte
1416 706 1617 747 traditum

125 774 200 828 est,
242 772 349 825 quod
379 772 414 813 si
446 784 541 813 cum
574 771 804 816 DEFGS²
842 772 955 813 facili
996 773 1243 814 correctione
1282 775 1324 815 in
1363 773 1619 825 quaestionis

124 841 398 893 rescribimus,
438 842 577 882 omnia
616 853 716 882 sana
745 842 841 882 sunt
870 853 999 894 neque
1031 841 1308 883 additamento
1340 845 1477 883 nostro
1508 840 1621 882 modi

124 922 224 963 opus
247 911 310 951 est
332 909 492 963 (contra
514 908 581 957 20,
608 909 659 950 16
691 909 784 950 libri
807 910 968 961 praeter
990 908 1078 951 GM
1099 909 1208 950 uiris
1229 922 1300 962 pro
1322 910 1485 950 uiribus
1508 922 1620 963 prae-

123 979 259 1031 bent).
312 978 474 1032 legatur
514 978 672 1030 itaque:
719 977 849 1018 nimis
889 976 971 1018 tate
1002 979 1120 1029 patet
1160 977 1327 1019 huiusce
1364 978 1620 1030 quaestionis

124 1047 374 1088 inmensum.
396 1070 452 1076 —-
476 1047 568 1096 187,
601 1046 652 1086 21
688 1045 797 1098 quod
816 1045 880 1086 ita
900 1046 980 1086 erit
1000 1046 1272 1098 inqtoriosuni
1294 1046 1369 1101 (M,
1393 1046 1620 1099 inqtorium

125 1116 249 1169 rell),
281 1118 330 1156 ut
358 1114 684 1155 inlaboriosum:
718 1113 948 1167 inqtorium
978 1116 1088 1155 recte
1110 1127 1152 1156 se
1182 1115 1303 1156 habet
1334 1116 1374 1156 et
1404 1115 1449 1156 M
1480 1115 1623 1156 eodem

125 1184 194 1225 hic
224 1185 369 1225 mendo
400 1184 574 1234 laborat,
607 1195 684 1235 quo
716 1182 784 1233 45,
817 1183 881 1224 16.
929 1195 1101 1236 sequens
1134 1185 1241 1226 enim
1272 1184 1623 1225 inlaboriosum

128 1255 170 1295 in
214 1265 336 1294 causa
377 1253 475 1302 erat,
517 1253 563 1293 ut
605 1253 776 1293 eandem
818 1251 1154 1293 terminationem
1198 1252 1389 1294 librarius
1426 1253 1550 1294 etiam
1580 1253 1623 1294 in

128 1321 396 1363 antecedente
427 1332 527 1361 uoce
557 1320 731 1373 inqlori
743 1333 882 1360 osum
913 1321 1105 1361 exararet.

182 1390 239 1431 Hi
280 1390 360 1432 loci
401 1390 503 1430 mihi
542 1390 794 1430 retractandi
826 1401 913 1430 esse
945 1388 1204 1440 uidebantur,
1245 1401 1319 1430 nec
1349 1391 1447 1441 puto
1479 1401 1620 1442 quem-

128 1472 251 1513 quam
282 1471 346 1500 me
378 1470 462 1500 esse
494 1458 840 1511 uituperaturum,
875 1458 982 1510 quod
1013 1459 1168 1499 temere
1200 1470 1223 1499 a
1253 1457 1401 1500 codicis
1434 1458 1478 1498 M
1508 1458 1624 1499 lecti-

128 1528 274 1569 onibus
312 1526 561 1575 recesserim.
613 1525 683 1567 sed
721 1527 804 1567 iam
843 1525 893 1566 ad
931 1526 1108 1579 reliquos
1151 1526 1308 1567 codices
1349 1525 1622 1567 aestimandos

129 1597 384 1638 accedamus.

185 1676 298 1718 Inter
329 1676 508 1729 reliquos
540 1674 700 1717 codices
722 1674 765 1716 in
786 1674 932 1727 primis
954 1674 1194 1716 nominandi
1216 1676 1310 1715 sunt
1334 1672 1381 1725 G,
1414 1673 1620 1726 praeterea

128 1745 234 1787 liber
279 1745 362 1795 ille,
409 1757 457 1785 ex
502 1755 581 1797 quo
622 1742 771 1784 codicis
804 1743 836 1784 Ε
875 1755 1020 1784 manus
1059 1743 1189 1783 altera
1227 1743 1492 1784 correctiones
1531 1753 1624 1782 suas

128 1813 280 1866 hausit,
314 1815 354 1854 et
386 1812 430 1855 C.
483 1812 554 1866 qui
585 1812 680 1854 libri
712 1811 948 1864 saepissime
980 1823 1073 1852 cum
1104 1810 1148 1851 M
1179 1813 1250 1851 aut
1279 1822 1415 1851 omnes
1436 1811 1508 1851 aut
1538 1810 1625 1850 sin-

129 1882 219 1935 guli
249 1881 292 1922 in
324 1880 550 1922 exhibenda
580 1881 758 1935 genuina
789 1879 964 1921 lectione
997 1879 1270 1931 consentiunt,
1304 1879 1351 1919 ut
1377 1890 1423 1918 ex
1444 1877 1623 1930 optimae

130 1952 252 1991 notae
297 1949 596 2003 exemplaribus
647 1950 890 1991 descendere
936 1960 1004 1990 eos
1049 1948 1189 2000 negari
1235 1959 1315 1988 non
1360 1947 1501 1998 possit.
1552 1957 1625 1987 nec

130 2022 271 2060 tamen
302 2019 481 2060 codicem
513 2018 558 2059 M
596 2017 783 2059 bonitate
814 2019 1071 2069 exsuperant,
1117 2027 1211 2056 cum
1246 2014 1427 2056 habeant
1465 2014 1624 2062 menda,

132 2086 281 2140 quibus
313 2087 358 2128 M
390 2087 523 2139 uacat,
561 2086 752 2141 grauiora
783 2085 825 2126 et
855 2085 907 2126 ad
939 2084 1238 2125 emendandum
1270 2081 1504 2123 difficiliora
1533 2094 1626 2123 cum

131 2155 301 2208 reliquis
333 2154 465 2204 libris,
497 2156 538 2196 et
570 2154 757 2207 quamuis
789 2152 1001 2195 nonnullis
1033 2151 1145 2205 locis,
1178 2150 1326 2204 quibus
1357 2150 1423 2191 uel
1455 2149 1498 2190 M
1531 2161 1626 2191 ean-

132 2225 227 2265 dem
258 2236 381 2276 quam
411 2223 561 2277 reliqui
582 2223 679 2265 libri
700 2223 825 2264 habet
847 2221 1134 2275 corruptelam,
1166 2222 1320 2261 rectam
1341 2231 1389 2260 ac
1409 2218 1627 2271 genuinam

133 2292 354 2334 exhibeant
391 2293 650 2345 scripturam,
691 2294 830 2333 tamen
874 2289 1108 2332 accuratius
1141 2287 1380 2330 examinatis
1411 2286 1495 2327 illis
1525 2284 1625 2327 locis

134 2361 252 2403 facile
293 2363 487 2414 appareat
528 2358 751 2414 genuinam
790 2359 1012 2400 lectionem
1042 2357 1104 2398 ita
1134 2369 1217 2398 esse
1249 2356 1538 2408 comparatam,
1583 2354 1627 2394 ut

135 2442 180 2471 ex
211 2432 435 2483 deprauata
474 2442 598 2483 quam
639 2428 831 2469 exhibent
862 2425 1011 2479 reliqui
1050 2425 1150 2466 libri
1180 2425 1382 2476 scriptura
1412 2420 1522 2464 facili
1554 2433 1627 2462 ne-

135 2498 247 2551 gotio
278 2511 302 2539 a
338 2497 508 2539 librario
554 2497 621 2538 uel
663 2495 881 2549 paululum
927 2494 1045 2535 docto
1091 2493 1180 2534 elici
1221 2491 1411 2545 potuerit,
1460 2501 1540 2530 non
1579 2500 1626 2529 ex

136 2567 276 2619 fontis,
323 2580 369 2608 ex
401 2578 478 2620 quo
516 2566 723 2607 fluxerunt
762 2564 824 2605 illi
862 2562 959 2604 libri
998 2574 1094 2603 sane
1134 2560 1332 2610 meliores,
1377 2555 1627 2611 praestantia

136 2636 189 2678 sit
230 2635 478 2688 explicanda.
531 2636 627 2675 sunt
666 2632 879 2685 praeterea
918 2630 1076 2683 aliquot
1116 2628 1357 2669 mendorum
1396 2637 1545 2680 genera
1584 2625 1624 2663 et

138 2705 266 2747 codici
294 2703 341 2745 M
372 2704 414 2745 et
444 2702 716 2744 deterioribus
747 2699 864 2742 libris
888 2697 1121 2741 communia
1152 2700 1237 2738 tam
1267 2695 1404 2738 facilia
1434 2692 1484 2735 ad
1515 2703 1624 2733 com-
