1884 2998
215 143 301 186 236

285 276 377 309 aqua
403 265 480 307 114,
507 265 561 300 17.
586 265 766 300 dimittere
791 266 970 311 guttulam

288 311 325 345 in
343 321 420 345 aere
439 310 513 352 114,
532 311 587 345 22.
617 311 799 346 dimittere
816 311 973 346 animum

286 356 325 390 in
351 356 519 391 societate
545 356 621 397 126,
646 356 702 391 26.

219 401 260 436 in
292 412 372 437 cum
408 402 569 437 ablatiuo
593 402 655 436 ubi
685 402 891 447 genetiuum
915 403 974 437 uel

288 448 493 482 ablatiuum
511 452 708 491 eaespectes:
727 447 974 491 tranquillitas

288 493 329 527 in
364 493 580 536 cogitatione
615 492 670 534 82,
702 493 745 527 14
779 493 974 537 (cogitandi

293 538 514 573 instabilitas
538 538 592 580 82,
612 538 679 580 16).
705 539 741 572 in
759 540 833 573 tam
853 538 974 582 plecti-

294 584 363 619 bili
394 585 574 618 sententia
602 584 831 628 priuilegium
859 583 975 618 laudis

294 629 364 664 tibi
396 628 545 673 adrogas
578 628 631 672 32,
658 629 711 663 19.
741 640 913 674 magnum
938 630 975 663 in

290 685 416 719 genere
439 674 594 709 humano
628 674 822 709 multorum
847 674 976 709 uitium

291 723 347 755 est
378 720 432 762 21,
459 720 490 753 5.
523 721 559 754 in
586 720 651 754 hoc
675 721 892 764 nequiquam
916 731 975 754 ne-

290 766 390 811 gotio
408 776 518 799 sermo
534 765 660 799 finitur
676 764 731 806 25,
751 765 805 801 10.
829 766 866 799 in
884 766 975 800 ueri-

290 814 369 845 tste
394 811 503 845 claret
525 810 601 852 113,
625 810 657 844 4.
683 812 728 853 cf.
757 811 835 854 177,
853 811 874 845 6
901 811 976 854 (sed

291 857 562 891 testificationes
587 856 860 901 haudquaquam
884 857 975 891 ueri-

289 904 367 937 tate
392 902 575 944 pulsantes
601 903 836 936 conscientiae
865 902 974 936 since-

290 958 370 982 rum
395 947 471 989 138,
497 946 551 981 22.
578 947 609 981 si
634 948 781 981 uisionis
799 948 975 983 sincerum

291 993 443 1027 ueritate
475 993 642 1027 claruerit
674 992 749 1035 159,
783 993 852 1037 17).
884 994 975 1038 quod

291 1038 488 1082 gerendum
518 1039 556 1072 in
587 1039 667 1080 ipsa
693 1039 847 1074 ueritate
873 1040 977 1084 spiri-

289 1086 349 1118 tus
367 1084 591 1127 cognouisset
608 1083 684 1125 166,
702 1083 757 1118 24.
783 1085 820 1118 in
837 1085 977 1120 silentio

290 1128 346 1170 94,
372 1129 415 1163 19
441 1130 506 1173 (sic
531 1130 628 1164 enim
654 1130 881 1164 scribendum
906 1141 977 1164 esse

290 1186 391 1210 nunc
410 1179 503 1219 puto
528 1186 608 1210 cum
624 1175 727 1209 libris
738 1179 888 1219 praeter
904 1176 976 1218 M).

289 1221 328 1254 in
344 1223 424 1255 toto
442 1221 571 1255 mundo
591 1220 667 1261 155,
684 1221 717 1256 9.
742 1222 779 1255 in
797 1221 861 1255 hoc
877 1232 976 1266 prae-

292 1266 416 1300 sertim
448 1266 525 1300 loco
557 1266 633 1307 182,
668 1266 721 1300 14.
753 1267 793 1300 in
817 1267 866 1301 eis
891 1267 978 1301 locis

291 1310 347 1351 25,
375 1311 392 1345 1
426 1315 458 1345 et
488 1313 645 1355 saepius.
670 1312 708 1345 in
733 1312 808 1347 loco
826 1327 872 1342 =
888 1313 979 1347 loca-

291 1357 375 1391 liter
400 1356 476 1398 147,
503 1357 556 1391 15.

225 1403 441 1436 inaccessus:
476 1403 653 1437 inaccessa
678 1403 838 1438 sensibus
863 1405 978 1448 spatia

293 1447 369 1489 112,
395 1448 449 1482 21.
475 1450 518 1490 cf.
546 1448 622 1486 179,
649 1448 702 1483 15.
730 1448 806 1493 180,
834 1449 887 1485 10.

225 1494 478 1528 inaccessibilis
504 1494 580 1535 179,
605 1494 636 1528 9.

227 1539 457 1574 inaestimata
481 1540 654 1574 diuinitas
678 1539 733 1582 34,
758 1539 812 1574 21.

227 1585 323 1619 hisce
348 1585 514 1620 inanibus
540 1586 748 1628 respondere
777 1586 852 1626 176,
880 1585 933 1620 16.

227 1631 406 1665 inanimus
431 1630 485 1672 32,
512 1630 543 1665 2.
569 1630 623 1673 81,
649 1631 704 1665 20.
729 1631 783 1665 21.
810 1631 886 1674 165,
915 1631 969 1665 17.

225 1676 392 1710 inbecilla
415 1687 513 1710 mens
539 1676 615 1719 156,
641 1676 673 1710 2.

226 1721 441 1755 inbecillitas
466 1721 520 1763 30,
547 1722 600 1756 17.
627 1722 704 1767 171,
730 1721 785 1757 23.

226 1768 426 1801 incarnare:
457 1768 577 1802 anima
613 1768 820 1802 incarnatur
847 1767 902 1811 54,
928 1767 979 1802 16.

295 1812 501 1847 incarnatus
527 1813 610 1847 deus
635 1813 689 1855 54,
721 1813 775 1849 15.

227 1858 423 1892 incarnatio
449 1858 504 1892 dei
530 1858 607 1902 122,
633 1859 686 1893 13.

225 1903 388 1938 incendia
412 1904 592 1948 gehennae
618 1904 693 1946 170,
720 1904 774 1940 10.

225 1949 353 1984 incesti
376 1949 489 1984 scelus
514 1949 589 1991 142,
617 1950 670 1985 14.

225 1994 391 2029 inchoare
439 1995 611 2039 principia
651 2007 794 2039 operum
837 2006 977 2030 suorum

294 2040 445 2120 {3338
460 2041 837 2122 Esscat'fflssfufif'grssifit,
847 2045 977 2122 ยน323&

294 2131 396 2177 antia
419 2131 475 2174 93,
501 2132 554 2166 17.

226 2177 381 2212 incidere
405 2187 484 2211 cum
513 2188 648 2212 accus.:
682 2188 865 2222 corporum
891 2188 980 2222 quae

297 2222 404 2263 (radii
428 2223 623 2266 oculorum)
649 2223 839 2258 inciderint
864 2234 979 2268 reper-

296 2278 400 2302 cussu
424 2267 478 2308 45,
504 2268 536 2302 9.

228 2313 426 2348 includere:
448 2314 478 2347 si
496 2314 633 2348 eosdem
651 2316 771 2349 artum
788 2314 980 2359 disputati-

296 2360 372 2393 onis
396 2359 556 2393 includat
580 2358 635 2401 23,
662 2359 715 2396 19.

228 2404 471 2448 incogitabilis
495 2405 551 2446 34,
577 2405 630 2439 13.

227 2450 404 2484 incolume
428 2450 599 2484 iudicium
625 2450 679 2491 74,
707 2450 761 2485 17.

229 2496 534 2530 incommutabilis
558 2496 614 2538 59,
640 2496 692 2530 15.
720 2496 797 2538 195,
823 2496 877 2531 13.

230 2541 570 2575 incommutabiliter
596 2541 671 2582 166,
696 2541 752 2576 21.

230 2586 531 2621 inconfusibiliter
555 2587 611 2627 59,
634 2586 690 2620 24.

226 2631 463 2675 incongruens
487 2632 723 2676 patrocinium
752 2631 807 2673 30,
836 2632 890 2666 17.

229 2676 584 2721 inconprehensibilis
608 2678 663 2719 51,
692 2678 744 2713 15.

230 2722 557 2757 incontaminabilis
583 2723 734 2757 essentia
757 2722 812 2765 30,
840 2723 870 2758 1.

230 2768 500 2812 incorporalitas
525 2768 579 2810 68,
605 2769 661 2804 25.
687 2769 762 2811 129,
787 2769 819 2804 3.

935 141 1072 177 Index

1036 267 1305 311 incorporaliter
1329 266 1538 303 antecellere
1558 278 1684 303 omnen
1703 269 1785 304 sub-

1106 313 1275 346 stantiam
1312 313 1365 353 51,
1406 314 1458 347 11.
1505 314 1526 347 i.
1566 318 1694 349 cuncta
1730 325 1789 350 su-

1106 358 1327 401 pereminens
1351 358 1525 393 diuinitas
1551 360 1626 402 118,
1655 360 1708 394 18.

1037 402 1257 447 incorporare
1282 403 1359 445 105,
1385 404 1429 438 23
1452 405 1609 448 saepius.

1037 447 1275 493 incorporatio
1302 448 1379 490 106,
1407 449 1460 484 12.

1038 493 1359 538 incorruptibilitas
1383 493 1438 536 32,
1466 495 1519 529 13.
1545 495 1599 534 33,
1625 496 1659 530 4.

1038 538 1254 573 incrementa
1278 539 1377 582 globi
1401 540 1539 574 lunaris
1566 541 1642 583 149,
1667 542 1699 576 5.

1039 584 1219 629 increpare
1247 585 1321 627 123,
1347 585 1379 619 9.

1039 629 1218 664 incurrere
1238 629 1370 664 librum
1396 630 1451 672 24,
1468 631 1500 666 9.
1521 631 1619 675 perf.
1636 631 1790 666 incurri:

1108 675 1244 709 nescius
1261 676 1446 710 incurristi
1464 678 1652 711 ueritatem
1668 677 1742 719 106,
1757 678 1790 712 6.

1041 720 1211 765 indagare
1236 721 1345 756 absol.
1373 721 1447 760 165,
1474 722 1505 756 5.
1547 722 1672 757 mundi
1701 723 1791 758 ueri-

1108 769 1222 800 tatem
1248 767 1322 808 101,
1348 767 1380 802 2.
1406 767 1485 808 177,
1511 769 1542 802 1.

1040 811 1246 856 indagatrix
1271 823 1385 846 rerum
1412 813 1504 846 ratio
1530 813 1584 856 23,
1611 813 1663 848 13.

1040 857 1188 901 indages
1213 867 1397 891 causarum
1414 858 1622 893 sublimium
1641 859 1718 900 129,
1736 859 1792 895 18.

1109 902 1238 947 indage
1270 906 1305 936 et
1337 905 1414 938 arte
1440 904 1517 946 203,
1547 905 1599 938 11.

1109 949 1213 982 tanta
1237 948 1366 992 indage
1393 949 1468 990 101,
1496 949 1550 983 12.

1041 992 1225 1027 indefensa
1249 994 1455 1028 testimonia
1481 995 1560 1037 127,
1587 995 1641 1029 18.

1041 1039 1216 1073 indefessa
1245 1040 1399 1083 agitatio
1423 1040 1633 1083 pulmonum
1658 1041 1712 1084 63,
1739 1041 1793 1077 15.

1111 1085 1134 1118 i.
1160 1095 1277 1119 rerum
1303 1087 1481 1119 scrutator
1504 1086 1583 1127 204,
1610 1087 1662 1120 14.

1043 1129 1247 1164 indefessim
1272 1130 1328 1172 43,
1354 1131 1405 1164 23.
1431 1130 1486 1172 45,
1513 1132 1544 1165 7.
1570 1131 1624 1173 74,
1652 1132 1705 1166 11.

1042 1175 1309 1209 indemutabilis
1334 1175 1389 1216 89,
1417 1176 1470 1210 14.
1494 1176 1548 1217 97,
1574 1177 1605 1210 3.
1634 1177 1710 1218 171,
1739 1178 1794 1215 10.

1042 1220 1296 1264 indeprehensa
1320 1221 1375 1254 uis
1402 1222 1547 1265 (anima)
1575 1221 1652 1266 129,
1678 1223 1731 1257 14.

1044 1266 1189 1311 indepta
1214 1267 1390 1310 sapientia
1415 1267 1491 1307 116,
1517 1267 1551 1304 8.

1044 1312 1182 1346 indere:
1219 1312 1337 1346 anima
1373 1312 1512 1346 inditur
1547 1313 1684 1357 corpori
1715 1313 1792 1356 120,

1114 1358 1166 1392 15.
1192 1360 1238 1399 ct.
1265 1358 1341 1398 107,
1365 1358 1397 1392 5.
1426 1358 1499 1399 11],
1525 1358 1558 1393 8.
1583 1359 1660 1400 205,
1685 1360 1717 1393 8.

1044 1402 1242 1438 indicatiui
1280 1413 1367 1437 usus
1405 1404 1544 1438 rarior:
1585 1405 1670 1448 quia
1707 1406 1793 1439 sunt

1113 1459 1202 1492 quae
1226 1453 1415 1483 mouentur
1439 1451 1539 1483 motu
1556 1460 1625 1484 non
1650 1451 1794 1494 proprio

1640 905 1791 949 dignum

1114 1494 1168 1536 72,
1196 1495 1226 1529 7.
1255 1513 1290 1519 -ฮ
1320 1494 1366 1537 cf.
1386 1499 1581 1538 praeterea
1610 1496 1676 1530 sub
1702 1496 1797 1530 indi-

1112 1541 1209 1573 recta
1232 1540 1346 1574 oratio
1371 1541 1429 1574 uel
1454 1541 1702 1585 interrogatio.

1045 1585 1215 1620 indicium
1253 1585 1306 1625 70,
1342 1586 1374 1620 3.
1415 1586 1488 1627 158,
1526 1585 1581 1620 20.
1621 1587 1644 1621 i.
1682 1587 1796 1622 facere

1113 1631 1167 1672 26,
1194 1634 1226 1665 2.
1254 1632 1310 1667 46,
1337 1631 1368 1664 3.
1410 1631 1433 1664 i.
1459 1631 1540 1665 dare
1571 1631 1648 1673 151,
1675 1632 1728 1667 10.
1770 1632 1796 1666 i.

1114 1686 1235 1720 capere
1262 1677 1338 1719 112,
1367 1677 1419 1712 10.
1466 1676 1489 1711 i.
1517 1679 1696 1721 exemptae
1721 1688 1797 1712 cor-

1112 1722 1320 1765 poralitatis
1345 1733 1523 1766 capessere
1541 1722 1617 1764 172,
1635 1723 1667 1758 6.
1696 1723 1720 1758 i.
1737 1733 1796 1757 ae-

1112 1768 1297 1801 ternitatis
1323 1768 1377 1808 67,
1405 1768 1459 1802 12.
1501 1770 1640 1803 tuomet
1663 1769 1796 1803 indicio

1115 1816 1237 1856 captus
1265 1813 1340 1854 141,
1366 1813 1421 1848 11.

1044 1858 1278 1893 indifficulter
1303 1859 1356 1899 73,
1382 1859 1414 1895 3.

1045 1904 1248 1948 indigentia
1272 1904 1425 1948 corporis
1454 1904 1509 1945 80,
1538 1904 1590 1938 16.

1044 1949 1204 1994 indigere
1229 1950 1424 1993 cuiuspiam
1450 1951 1490 1983 ut
1515 1949 1564 1984 sit
1594 1949 1649 1992 90,
1674 1949 1730 1984 20.
1770 1949 1795 1985 i.

1112 1997 1320 2029 ornamento
1362 1995 1438 2034 127,
1481 1995 1534 2029 17.
1592 1995 1615 2029 i.
1656 1995 1796 2030 laudari

1043 2086 1227 2121 indirecta
1266 2086 1384 2120 oratio
1431 2087 1491 2121 uel
1537 2086 1795 2131 interroqatio:

1113 2132 1166 2166 ait
1202 2141 1264 2165 cur
1297 2131 1366 2165 dici
1403 2142 1473 2166 non
1498 2132 1619 2176 possit,
1656 2132 1797 2175 quando

1114 2177 1294 2221 apostolus
1311 2176 1496 2211 dicendum
1512 2177 1654 2221 putauit
1666 2177 1724 2219 31,
1741 2178 1795 2212 12.

1113 2223 1386 2267 argumentatur
1421 2223 1536 2257 dicens
1572 2233 1696 2266 corpus
1727 2222 1796 2257 La-

1113 2269 1185 2302 zari
1224 2278 1303 2302 cum
1351 2268 1423 2302 fuit
1461 2269 1641 2302 mortuum
1687 2268 1796 2302 fuisse

1114 2314 1191 2348 sine
1238 2313 1315 2347 uita
1362 2314 1445 2356 154,
1486 2314 1539 2347 11.
1587 2313 1668 2348 uide
1708 2314 1796 2358 quid

1114 2361 1217 2393 sonat
1239 2358 1295 2402 42,
1316 2359 1367 2393 11.
1406 2359 1489 2393 audi
1514 2359 1599 2403 quid
1624 2359 1718 2394 lucet
1740 2359 1797 2402 42,

1114 2405 1170 2440 12.
1218 2404 1330 2438 cernis
1367 2415 1471 2448 quam
1508 2404 1613 2439 facile
1648 2406 1798 2439 euanuit

1111 2450 1168 2492 49,
1209 2450 1262 2484 17.
1310 2450 1492 2484 uideamus
1537 2452 1625 2494 quot
1668 2461 1797 2495 genera

1114 2496 1199 2529 sunt
1223 2505 1407 2538 corporum
1434 2495 1508 2535 192,
1535 2495 1589 2530 22.
1616 2504 1663 2539 cs.
1689 2497 1745 2540 69,
1764 2496 1795 2531 1.

1113 2542 1145 2576 8.
1171 2540 1249 2583 143,
1273 2541 1305 2576 3.
1331 2541 1407 2582 192,
1434 2541 1478 2575 14
1495 2545 1557 2576 etc.
1576 2560 1617 2566 โ
1636 2552 1700 2575 nec
1724 2542 1797 2586 pri-

1114 2597 1210 2620 mum
1244 2586 1320 2620 dico
1352 2587 1405 2619 ita
1433 2587 1482 2620 sit
1504 2597 1612 2621 necne
1638 2587 1714 2628 177,
1741 2588 1794 2622 16.

1045 2630 1381 2666 indiscriminabilis
1407 2632 1483 2670 140.
1512 2632 1564 2667 14.

1045 2677 1264 2711 indiscussae
1296 2675 1556 2720 disputationes
1583 2677 1658 2719 127,
1685 2678 1716 2712 8.
1749 2677 1798 2721 cf*-

1114 2723 1190 2762 154,
1216 2722 1247 2756 7.
1275 2722 1352 2766 179,
1377 2722 1409 2757 9.

1046 2767 1322 2803 indiscussibilis
1346 2769 1542 2802 auctoritas
1569 2769 1644 2810 148,
1672 2768 1704 2803 6.
