1884 2998
215 59 249 88 II

167 171 198 215 C
275 171 408 214 Codex
438 170 648 212 Parisinus
679 171 752 212 lat.
783 183 844 211 nr.
877 168 990 211 2164
1025 166 1156 220 (Colb.
1190 166 1315 216 2285,
1337 167 1439 220 Reg.
1463 167 1585 218 4028,
1608 168 1633 209 3
1654 167 1712 210 A:

217 240 297 282 fuit
327 240 430 281 liber
462 239 560 281 olim
591 238 693 280 ‘Iac.
719 238 830 291 Auy.
859 230 1044 279 Thuani’
1077 235 1163 286 [fol.
1198 235 1274 289 1‘])
1303 236 1529 278 membran.
1562 236 1713 278 formae

217 309 386 350 maioris
433 306 483 349 71
531 307 724 348 foliorum
762 318 867 349 saec.
913 305 973 346 XI
1018 304 1127 346 binis
1176 303 1377 344 columnis
1422 304 1714 346 minutissimis

218 378 371 419 litteris
412 377 588 430 scriptus
622 375 804 417 continet
839 376 1001 427 praeter
1033 372 1308 414 Claudianum
1339 372 1592 414 Mamertum
1628 372 1714 425 (fol.

221 444 441 498 1—22u2)
480 444 751 486 Chalcidium.
799 443 911 484 deest
958 440 1232 494 capitulorum
1277 440 1410 482 index.
1464 453 1535 493 per
1580 443 1712 484 totum

218 513 375 555 librum
422 513 617 554 librarius
670 511 907 565 saepissime
956 509 1140 563 singulas
1190 508 1369 563 syllabas
1416 510 1567 561 omisit,
1615 522 1716 563 quas

218 582 378 624 addidit
408 594 554 623 manus
585 581 727 623 altera.

161 683 198 724 D
275 683 410 726 Codex
438 683 826 736 Montepessulanus
857 682 898 722 H
921 694 980 722 nr.
1015 680 1096 722 145
1117 682 1272 724 formae
1294 683 1463 725 minoris
1487 682 1714 725 membran.

222 752 302 795 149
319 753 510 794 foliorum
532 764 637 793 saec.
661 751 744 792 XII
767 749 943 804 scriptus
966 750 1151 792 continet
1172 751 1267 794 inde
1289 763 1313 793 a
1334 751 1404 793 fol.
1431 752 1529 793 102u
1550 751 1716 794 Claudi-

219 822 287 865 ani
318 821 539 874 epistulam
569 822 619 862 ad
645 819 860 862 Sidonium
883 822 923 860 et
946 819 1103 861 Sidonii
1126 820 1348 873 epistulam
1369 820 1422 861 ad
1444 820 1717 862 Claudianum

223 890 292 943 (cf.
327 891 421 931 edit.
444 902 483 941 p.
511 889 590 930 198
622 890 662 929 et
693 888 810 941 200),
843 887 913 928 fol.
941 887 1039 928 103u
1062 888 1284 941 epistulam
1308 888 1465 930 Sidonii
1486 889 1534 930 ad
1560 889 1719 931 Petrei-

218 972 290 1000 um
325 958 412 1011 (lib.
435 958 522 999 IIII
545 970 604 1011 ep.
628 956 724 1010 XI),
755 957 797 997 in
821 957 962 998 eodem
982 956 1081 998 folio
1107 958 1242 999 medio
1274 957 1371 1000 haec
1401 958 1553 999 litteris
1584 958 1718 1000 rubris

219 1028 381 1069 exarata
412 1029 529 1068 sunt:
561 1028 660 1067 nota
680 1025 787 1078 quod
810 1024 1079 1067 Claudianus
1101 1026 1328 1076 composuit
1347 1025 1549 1080 hymnum
1575 1027 1721 1080 Panye

219 1095 371 1150 linqua
411 1095 586 1148 yloriosi
623 1093 844 1147 praelium
886 1095 1140 1137 certaminis.
1191 1095 1376 1149 sequitur
1419 1095 1464 1137 in
1509 1095 1581 1137 fol.
1622 1095 1721 1137 104u

219 1164 376 1206 Sidonii
393 1164 573 1218 epistula
589 1165 639 1205 ad
655 1162 960 1217 Nymphidium
980 1163 1068 1216 (lib.
1086 1164 1123 1205 V
1139 1164 1257 1217 epist.
1274 1164 1348 1215 II),
1368 1164 1439 1206 fol.
1457 1165 1552 1207 105‘
1567 1165 1720 1206 litteris

218 1234 377 1276 rubris:
418 1233 669 1276 Gennadius
706 1233 755 1273 in
787 1231 891 1274 libro
922 1232 972 1274 de
1001 1232 1240 1275 illustribus
1278 1233 1390 1274 uiris
1419 1231 1490 1274 hec
1519 1233 1582 1274 ait
1612 1233 1722 1274 inter

218 1305 372 1343 cetera:
423 1302 595 1354 (litteris
634 1301 751 1354 atris)
790 1300 1060 1344 Claudianus
1092 1291 1339 1343 Viennensis
1379 1301 1569 1343 ecclesiae
1600 1315 1720 1355 pres-

218 1370 330 1424 byter
358 1370 430 1412 uir
461 1371 518 1412 ad
547 1371 805 1423 querendum
835 1370 941 1411 satis
971 1370 1131 1424 artifex
1160 1371 1276 1413 etad
1297 1370 1605 1423 disputandum
1626 1371 1720 1412 sub-

218 1438 307 1480 tilis
345 1440 575 1492 composuit
612 1442 695 1480 tres
732 1439 857 1492 quasi
897 1439 948 1480 de
984 1441 1099 1480 statu
1128 1438 1196 1480 uel
1227 1439 1277 1480 de
1307 1439 1550 1480 substantia
1581 1440 1721 1480 anime

220 1508 346 1550 libros
379 1509 427 1549 in
457 1508 606 1561 quibus
630 1508 807 1549 ostendit
829 1507 994 1561 aliquid
1015 1520 1097 1549 esse
1116 1507 1412 1560 incorporeum
1424 1510 1568 1561 preter
1587 1509 1720 1550 deum.

218 1577 320 1618 haec
359 1576 509 1629 excipit
548 1576 727 1630 epistula
757 1576 910 1630 Fausti,
953 1588 1077 1629 quam
1107 1576 1416 1630 subsequuntur
1447 1577 1721 1630 capitulorum

218 1646 343 1687 index
374 1647 413 1686 et
438 1644 655 1687 Claudiani
686 1646 736 1687 de
768 1646 881 1687 statu
905 1644 1066 1686 animae
1087 1644 1198 1686 libri.
1233 1643 1541 1698 conspiciuntur
1561 1645 1722 1686 numeri

219 1714 385 1754 tantum
415 1714 690 1766 capitulorum
722 1714 766 1756 in
796 1714 982 1768 margine
1012 1713 1222 1767 adscripti,
1257 1726 1352 1756 cum
1381 1714 1720 1768 praescriptiones

220 1782 496 1835 capitulorum
526 1794 729 1836 nusquam
760 1783 922 1824 omnino
954 1784 1230 1836 compareant.

169 1898 201 1940 Ε
281 1894 415 1937 Codex
436 1895 646 1937 Parisinus
669 1895 742 1937 lat.
765 1908 826 1938 nr.
850 1895 963 1938 2165
983 1895 1100 1950 (Reg.
1124 1895 1249 1945 3796,
1281 1896 1422 1939 Baluz.
1445 1897 1544 1950 112)
1569 1896 1723 1939 formae

220 1964 389 2005 maioris
434 1964 664 2005 membran.
710 1964 793 2007 120
826 1964 1020 2006 foliorum
1065 1976 1170 2007 saec.
1217 1964 1322 2006 XIII
1366 1964 1475 2007 binis
1521 1966 1722 2008 columnis

221 2033 398 2086 scriptus
431 2031 646 2074 Claudiani
677 2032 725 2074 de
756 2035 871 2074 statu
900 2033 1062 2075 animae
1092 2033 1216 2075 libros
1248 2033 1308 2075 ita
1339 2033 1515 2082 exhibet,
1547 2036 1593 2075 ut
1624 2046 1723 2076 suus

220 2100 442 2154 unicuique
474 2101 577 2143 libro
608 2101 881 2154 capitulorum
911 2101 1035 2143 index
1064 2101 1283 2155 praecedat
1312 2103 1352 2143 et
1383 2101 1528 2143 Fausti
1550 2102 1724 2155 epistula

220 2170 313 2222 post
342 2169 467 2222 primi
497 2169 595 2210 libri
625 2169 806 2211 indicem
835 2170 1008 2223 legatur.
1039 2170 1110 2212 fol.
1142 2170 1243 2212 34³¹
1272 2193 1326 2201 —
1355 2169 1428 2212 fol.
1461 2168 1563 2212 35³2
1592 2171 1724 2212 exstat

222 2237 404 2290 epistula
445 2236 641 2280 Mamerti
685 2237 738 2279 ad
782 2237 1020 2291 Sapaudum
1064 2238 1285 2281 rhetorem.
1326 2238 1397 2281 fol.
1435 2237 1536 2280 36¹1¹
1578 2237 1725 2291 incipit

216 2305 414 2359 proloqus
443 2306 493 2346 in
522 2305 825 2359 eoeplanatione
861 2305 1127 2348 tabernaculi
1155 2305 1310 2360 federis
1334 2308 1413 2349 etc.
1450 2305 1725 2359 capitulorum

221 2374 563 2427 praescriptiones
608 2374 653 2415 in
697 2375 788 2427 ipso
834 2377 1029 2417 contextu
1068 2375 1255 2418 exaratae
1294 2375 1404 2417 sunt.
1457 2374 1579 2416 codex
1626 2374 1726 2416 locis

223 2442 452 2484 innumeris
484 2454 612 2485 manu
643 2443 774 2485 altera
805 2445 1012 2485 correctus
1047 2444 1108 2485 est
1137 2444 1213 2496 ita,
1246 2445 1293 2485 ut
1323 2442 1470 2497 prioris
1501 2444 1725 2495 scripturae

224 2509 390 2553 ablutae
421 2510 583 2565 saepius
614 2524 667 2553 ne
697 2511 920 2553 minimum
951 2512 1120 2566 quidem
1149 2512 1329 2566 supersit
1360 2511 1600 2564 uestigium.
1652 2510 1725 2553 has

225 2582 479 2621 correcturas
525 2579 578 2622 ad
625 2580 807 2633 optimae
853 2581 974 2622 notae
1016 2581 1114 2624 libri
1151 2581 1277 2623 fidem
1315 2580 1444 2623 factas
1486 2591 1573 2622 esse
1617 2578 1726 2621 infra

226 2647 615 2691 demonstrabimus
