1884 2998
622 119 680 154 De
707 121 831 155 statu
855 120 1023 156 animae
1054 120 1112 156 III
1137 120 1169 156 2.
1566 123 1646 166 155

862 301 923 355 ΙΙ.

325 441 387 470 DE
417 439 564 471 ANIMA
594 440 643 470 IN
675 439 766 478 QVO
804 440 1155 471 SIMILITVDINEM
1186 441 1267 471 DEI
1299 441 1461 472 GERAT.

199 530 339 585 Atque
370 531 418 572 ut
447 530 638 573 uniuerso
663 530 894 573 animarum
915 530 1057 586 generi
1077 530 1122 572 in
1143 543 1359 574 commune
1379 533 1643 586 praescribat,

139 601 272 654 ipsam
317 600 448 641 nostri
493 599 765 652 redemptoris
811 600 993 641 animam
1042 600 1218 642 localem
1263 612 1352 642 esse
1396 603 1635 654 pronuntiat

112 668 395 717 5formidabili
435 667 596 710 scilicet
639 668 762 721 atque
802 668 850 709 ut
889 670 1083 722 autumat
1122 667 1340 710 insolubili
1376 669 1643 723 syllogismo:

139 739 187 779 ut
218 737 368 790 anima,
410 736 481 779 ubi
522 739 598 791 est,
631 738 686 779 sit
717 737 759 778 et
788 749 867 779 non
900 736 968 788 sit,
999 736 1072 779 ubi
1102 749 1183 779 non
1215 740 1291 790 est,
1325 740 1540 791 tamquam
1570 752 1643 782 nos

140 806 313 848 eandem
344 807 416 847 aut
446 805 598 858 ubique
628 806 700 847 aut
722 817 928 858 nusquam
951 817 1038 847 esse
1059 806 1257 859 dicamus,
1304 818 1398 848 cum
1435 807 1470 848 si
1491 806 1644 861 ubique

140 875 259 929 esset,
301 876 400 916 deus
442 876 563 925 esset,
601 875 637 916 si
674 887 878 927 nusquam
910 874 1030 923 esset,
1061 874 1167 916 nihil
1198 875 1321 916 esset.
1372 875 1449 917 illa
1478 876 1645 929 quidem

139 954 220 984 non
259 942 304 983 in
334 943 421 984 toto
464 943 616 984 mundo
658 943 720 985 est
760 943 863 993 tota,
904 944 974 985 sed
1004 941 1114 984 sicut
1145 943 1245 984 deus
1276 942 1429 998 ubique
1459 945 1571 986 totus
1602 946 1645 986 in

94 1011 424 1062 muniuersitate,
470 1011 532 1053 ita
575 1011 677 1053 haec
721 1010 874 1065 ubique
913 1012 1002 1052 tota
1042 1010 1254 1053 inuenitur
1294 1013 1335 1054 in
1374 1023 1551 1066 corpore.
1604 1014 1645 1056 et

140 1080 250 1122 sicut
279 1082 378 1123 deus
408 1092 668 1135 nequaquam
698 1080 857 1122 minore
896 1080 960 1121 sui
989 1082 1106 1133 parte
1143 1081 1344 1122 minorem
1375 1080 1517 1123 mundi
1548 1093 1643 1134 par-

140 1150 226 1191 tem
256 1149 404 1202 replet,
437 1150 593 1191 maiore
623 1150 837 1199 maiorem,
870 1149 942 1191 sed
973 1150 1087 1190 totus
1118 1148 1161 1190 in
1192 1148 1321 1202 parte,
1353 1148 1466 1191 totus
1492 1150 1533 1191 in
1553 1151 1640 1192 toto

141 1220 217 1269 est,
249 1219 310 1260 ita
341 1218 383 1259 et
412 1218 514 1260 haec
544 1230 625 1260 non
655 1231 728 1272 pro
768 1219 886 1271 parte
918 1218 983 1259 sui
1014 1219 1076 1259 est
1107 1220 1150 1260 in
1180 1218 1296 1270 parte
1327 1217 1519 1271 corporis.
1570 1230 1646 1259 nec

140 1286 224 1329 alia
252 1298 348 1340 pars
391 1287 550 1328 animae
590 1287 796 1329 sentificat
842 1287 1008 1328 oculum
1040 1286 1081 1328 et
1119 1286 1202 1328 alia
1232 1285 1417 1328 uiuificat
1448 1285 1640 1340 digitum,

94 1373 126 1399 15
139 1356 208 1397 sed
240 1354 349 1397 sicut
379 1355 423 1396 in
454 1355 569 1397 oculo
601 1356 690 1397 tota
721 1354 829 1396 uiuit
861 1357 901 1396 et
931 1367 1003 1409 per
1035 1354 1199 1396 oculum
1231 1355 1319 1397 tota
1349 1354 1478 1403 uidet,
1510 1354 1570 1395 ita
1600 1355 1641 1395 et

140 1424 183 1465 in
214 1422 346 1476 digito
377 1423 466 1465 tota
496 1424 604 1464 uiuit
635 1425 676 1464 et
705 1435 777 1476 per
802 1422 980 1476 digitum
1016 1422 1106 1464 tota
1127 1422 1267 1464 sentit.
1302 1423 1374 1464 aut
1394 1422 1431 1464 si
1453 1421 1641 1464 fortassis

140 1490 199 1532 sic
229 1491 318 1532 tota
347 1490 388 1533 in
422 1490 552 1545 digito
584 1491 724 1542 sentit,
758 1492 805 1532 ut
836 1493 925 1532 tota
956 1503 1036 1532 non
1069 1490 1186 1532 sitin
1209 1491 1352 1544 digito,
1385 1489 1513 1532 sentit
1543 1500 1639 1544 ergo

139 1559 241 1611 tota,
274 1558 347 1600 ubi
377 1562 467 1601 tota
497 1571 577 1601 non
610 1560 683 1610 est,
718 1561 759 1600 et
790 1559 863 1606 est,
897 1560 965 1601 ubi
987 1572 1066 1601 non
1089 1560 1163 1601 est.
1211 1560 1282 1600 aut
1307 1558 1438 1612 igitur
1458 1560 1546 1600 tota
1566 1557 1645 1600 erit

140 1627 279 1670 anima
309 1628 353 1669 in
384 1629 563 1681 corporis
593 1630 711 1681 parte
741 1627 928 1679 minima,
971 1640 1064 1670 cum
1095 1627 1367 1669 nihilominus
1397 1627 1441 1668 in
1470 1627 1557 1668 toto
1588 1626 1645 1669 sit

93 1713 127 1739 20
140 1697 241 1749 tota,
273 1698 345 1738 aut
376 1709 470 1738 cum
501 1696 591 1738 tota
622 1697 790 1749 sentiat,
816 1696 886 1738 ubi
917 1699 1008 1738 tota
1038 1708 1119 1737 non
1142 1698 1216 1747 est,
1248 1696 1311 1737 est
1332 1707 1426 1750 ergo
1448 1696 1549 1746 tota,
1572 1695 1645 1737 ubi

140 1778 221 1807 non
252 1765 316 1807 est
347 1766 446 1807 tota.
498 1764 569 1806 sed
600 1765 649 1806 de
674 1765 751 1806 hoc
772 1766 815 1807 et
837 1765 878 1806 in
899 1766 1032 1818 primo
1053 1764 1160 1806 libro
1183 1777 1305 1818 quam
1326 1765 1448 1818 plura
1467 1763 1644 1806 disserui

140 1834 182 1875 et
212 1833 256 1874 in
278 1834 447 1875 secundi
468 1833 668 1886 principio
690 1845 770 1874 non
791 1845 921 1886 pauca
941 1832 1151 1886 praemisi,
1183 1833 1225 1874 in
1257 1845 1359 1886 quae
1380 1832 1417 1874 si
1439 1832 1643 1886 quispiam

141 1902 330 1944 sollerter
359 1901 596 1952 intenderit,
629 1902 680 1943 ad
713 1901 820 1943 hunc
851 1902 1044 1944 uidelicet
1068 1902 1202 1943 locum
1226 1913 1306 1943 non
1328 1902 1441 1943 rudis
1462 1901 1641 1944 accedet.

208 2093 231 2127 2
265 2093 305 2127 in
341 2093 458 2128 medio
494 2092 636 2128 demum
673 2093 860 2128 enuntiato
896 2093 985 2128 inde
1016 2103 1040 2127 a
1071 2102 1158 2127 uoce
1188 2092 1407 2127 formidabili
1438 2092 1524 2127 libri
1553 2092 1645 2126 noui

139 2150 296 2194 capituli
319 2151 470 2185 initium
494 2150 635 2185 ducunt
772 2151 794 2185 3
826 2153 866 2185 ut
890 2161 957 2185 om.
990 2150 1128 2184 AB¹M
1136 2150 1156 2185 b
1294 2150 1318 2183 4
1346 2149 1474 2194 ipsam]
1507 2158 1644 2193 quoque

139 2207 225 2242 add.
252 2207 282 2242 S
391 2208 650 2252 pronuntiatur
674 2208 763 2244 B¹R
877 2209 899 2243 5
923 2207 1164 2242 indissolubili
1185 2209 1229 2252 p²
1345 2207 1367 2242 6
1391 2209 1427 2242 et
1443 2207 1642 2251 non—est]

139 2265 176 2299 ct
199 2264 268 2298 nisi
298 2264 361 2298 ubi
386 2268 449 2306 est,
475 2275 544 2299 non
565 2266 614 2298 sit
633 2267 677 2309 ρ’
793 2266 812 2300 7
837 2276 1031 2310 numquam
1057 2266 1093 2300 R
1208 2264 1416 2308 sillllubique
1441 2265 1535 2308 (erat
1559 2262 1643 2307 sibi)

140 2321 177 2357 R
298 2322 320 2356 8
344 2323 438 2356 esset
463 2325 542 2366 post
566 2332 740 2366 nusquam
765 2333 832 2358 om.
857 2323 894 2358 R
911 2322 991 2357 Sch.
1114 2322 1135 2356 9
1161 2322 1303 2366 ubique]
1330 2323 1383 2356 est
1408 2320 1492 2356 add.
1516 2320 1555 2355 R

142 2378 186 2412 10
209 2380 481 2413 uniuersitatem
505 2378 543 2414 R
672 2380 920 2425 uniuersitate]
948 2382 1002 2414 est
1027 2379 1110 2414 add.
1137 2378 1290 2415 A¹B¹G¹
1308 2378 1387 2413 8οῆ.
1525 2377 1579 2412 ita
1602 2377 1643 2411 in

140 2445 216 2471 ras.
239 2436 276 2470 A
391 2436 623 2471 haec—deus
648 2447 713 2471 om.
739 2437 776 2471 A
892 2438 933 2472 11
959 2437 1096 2480 partem
1121 2436 1157 2470 R
1281 2435 1323 2469 12
1346 2434 1471 2479 replet]
1496 2435 1532 2468 et
1554 2433 1642 2469 add.

135 2505 182 2548 12²
297 2504 341 2538 14
356 2504 558 2539 sanctificat
574 2506 610 2540 R
728 2505 771 2539 16
788 2515 850 2550 per
867 2505 1036 2549 digitum]
1063 2504 1100 2538 in
1118 2504 1232 2548 digito
1252 2514 1281 2547 p
1396 2502 1439 2537 21
1457 2511 1526 2546 qua
1543 2502 1643 2546 plura

140 2583 231 2626 Mb,
272 2584 454 2628 complura
480 2584 525 2628 G,
567 2594 672 2628 quam
698 2583 847 2628 pulchra
875 2584 928 2627 R,
970 2595 1074 2628 quam
1098 2565 1254 2638 plurima
1278 2581 1320 2624 S,
1360 2592 1466 2626 quam
1490 2580 1642 2625 plurima

141 2663 320 2699 Barthius
457 2665 502 2699 23
526 2664 674 2699 solerter
699 2664 851 2700 editores
982 2663 1220 2698 ad—accedit
1244 2671 1309 2696 om.
1335 2662 1370 2695 A
1503 2659 1640 2694 accedet

137 2722 192 2765 1⁰²,
232 2722 374 2756 accedat
402 2722 448 2763 G,
490 2722 625 2757 accedit
649 2722 728 2760 rell,
