1884 2998
1557 104 1638 133 XXI

144 221 230 251 nou
267 208 539 258 amitteretur,
580 207 690 249 unde
718 208 835 260 patet
869 221 955 250 non
984 213 1209 251 moreretur
1245 213 1315 264 (sc.
1349 213 1514 266 anima)
1550 226 1638 256 om-

143 278 241 319 nino
272 277 371 318 ferri
401 288 483 317 non
513 287 631 329 posse
656 276 702 328 ¹),
743 276 825 318 nisi
863 276 968 318 forte
1006 278 1155 319 statuis
1196 290 1337 321 uocem
1369 293 1514 333 corpus
1544 283 1639 324 ante

144 358 229 387 uon
267 344 534 386 intercidisse.
585 344 656 385 sed
687 357 737 385 ne
778 344 840 386 ita
879 345 1058 399 quidem,
1100 347 1187 388 siue
1226 360 1370 400 corpus
1409 362 1507 399 uon,
1553 352 1639 392 siue

144 426 262 454 ‘nemo
286 412 517 462 scribimus,
543 411 656 453 iusta
676 413 881 454 sententia
901 424 1068 465 prorsus
1090 418 1328 468 recuperata
1348 429 1431 458 esse
1452 419 1637 471 uidetur3

147 492 268 522 sensu
309 480 416 522 enim
449 482 589 521 carent
621 479 749 521 uerba
778 493 851 521 uec
890 481 1104 522 amittitur
1132 483 1239 534 quod
1269 496 1353 524 nou
1382 487 1556 528 tenetur.
1603 487 1641 527 si

143 548 257 590 enim
286 550 458 597 tenetur,
490 560 574 588 non
595 548 821 599 amitt-itur,
849 550 945 601 quia
975 549 1073 590 haec
1103 551 1287 593 aduersis
1308 551 1510 594 frontibus
1532 555 1640 595 inter

147 629 190 658 se
221 616 421 670 pugnant,
460 628 554 658 cum
590 616 724 668 priore
763 616 992 658 sententiae
1021 617 1137 669 parte
1170 631 1251 660 non
1283 620 1420 661 amitti
1449 621 1504 671 id,
1536 624 1640 675 quod

146 697 226 726 non
259 686 463 739 teneatur,
504 685 545 725 et
574 684 796 737 posteriore
843 696 921 726 non
962 686 1100 727 amitti
1141 686 1313 739 aliquid,
1359 689 1395 729 si
1440 691 1639 741 teneatur,

146 753 322 795 dicatur.
354 753 483 805 igitur
504 752 577 793 aut
608 752 651 793 in
681 765 768 793 riori
798 755 958 794 tenetur
990 756 1061 795 aut
1091 754 1134 795 in
1165 768 1251 795 uon
1282 756 1494 797 amittitur
1524 771 1639 798 men-

147 823 247 863 dum
292 823 425 863 inesse
470 821 597 875 patet.
649 821 775 862 uerba
819 834 905 862 uon
935 824 1093 863 tenetur
1131 823 1346 875 quominus
1377 827 1641 878 temptemus,

146 889 441 943 impedimento
487 891 583 930 sunt
631 901 735 942 quae
778 890 961 942 proxime
1002 891 1273 932 antecedunt:
1313 904 1398 932 uon
1438 893 1644 946 cyr-editur

148 957 260 1011 quod
289 971 393 999 nori
423 957 744 999 includitur.
776 958 915 1011 itaque
946 958 1073 999 uerba
1093 972 1180 999 uon
1201 959 1414 1000 awiittitur
1435 964 1643 1003 mutemus

148 1039 309 1069 necesse
341 1027 401 1068 est
432 1027 473 1067 et
503 1027 614 1067 ultro
640 1038 729 1067 sese
759 1026 879 1067 offert
909 1028 1149 1075 emendatio,
1184 1027 1219 1068 si
1250 1028 1522 1070 conclusionis
1555 1042 1642 1071 car-

148 1096 291 1137 dinem
321 1097 362 1136 in
395 1107 439 1136 eo
461 1095 569 1136 uerti
601 1095 856 1148 reputamus,
889 1098 936 1136 ut
967 1095 1150 1137 animam
1181 1108 1262 1137 non
1293 1096 1433 1138 amitti
1464 1109 1642 1150 corpore,

148 1165 216 1206 sed
247 1165 404 1205 dimitti
437 1164 755 1205 demonstretur.
802 1164 1041 1205 dimittendi
1073 1165 1211 1205 autem
1243 1165 1414 1206 uerbum
1447 1177 1526 1206 non
1557 1178 1645 1207 am-

148 1233 257 1287 plius
288 1233 331 1273 in
363 1231 582 1273 Claudiani
613 1231 929 1273 ratiocinatione
962 1233 1181 1284 comparet,
1214 1234 1319 1284 quod
1340 1234 1375 1273 si
1398 1234 1536 1274 nostro
1556 1234 1645 1274 loco

148 1301 359 1351 restituas,
392 1301 529 1341 omnia
554 1302 663 1340 recte
685 1312 726 1340 se
749 1299 913 1341 habent.
947 1300 1206 1341 scribendum
1228 1301 1355 1354 igitur
1377 1302 1458 1342 est:
1479 1301 1516 1341 si
1536 1301 1646 1342 euim

147 1371 323 1424 tenetur,
356 1381 442 1409 nou
471 1367 797 1416 dimittitur,
844 1370 880 1408 et
909 1367 946 1408 si
975 1381 1061 1409 uon
1100 1368 1482 1419 dimitteretur,
1526 1381 1644 1409 izemo

147 1439 387 1479 moreretur.
410 1449 505 1478 nam
523 1437 649 1478 etiam
670 1437 847 1477 alterum
864 1449 947 1477 ‘non
963 1436 1225 1477 amitteretur
1241 1449 1326 1478 esse
1344 1438 1586 1478 mutandum
1602 1437 1644 1478 iu

147 1519 235 1547 ‘non
284 1505 560 1546 dimitteretur
608 1505 702 1546 inde
753 1505 935 1557 apparet,
990 1504 1095 1557 quod
1145 1517 1225 1546 non
1275 1504 1414 1546 amitti
1463 1505 1644 1546 animam

149 1575 503 1616 demonstraturus
535 1575 626 1614 erat
657 1572 843 1625 scriptor,
877 1574 984 1614 unde
1015 1585 1095 1613 non
1125 1573 1287 1625 poterat
1309 1573 1464 1614 dicere:
1496 1573 1533 1614 si
1562 1586 1646 1614 uon

148 1643 423 1698 amitteretur,
455 1655 574 1683 nemo
605 1643 847 1682 moreretur.
898 1642 941 1682 at
973 1640 1169 1693 quoniam
1200 1641 1358 1682 dimitti
1389 1653 1477 1682 eam
1511 1643 1645 1682 osten-

149 1712 245 1753 dere
290 1711 398 1761 uult‚
444 1710 671 1752 rectissime
716 1709 754 1750 si
801 1722 883 1750 riori
926 1709 1214 1758 dimitteretur,
1262 1722 1379 1750 nemo
1420 1710 1647 1750 moreretur

151 1780 420 1821 ratiocinatus
459 1779 532 1827 est,
581 1791 704 1831 quam
752 1777 803 1819 ad
847 1777 1098 1819 sententiam
1144 1777 1239 1829 apte
1286 1777 1429 1818 referri
1475 1777 1646 1829 possunt

150 1848 277 1889 uerba
309 1847 446 1898 Statii,
479 1859 583 1899 quae
614 1848 757 1887 statim
778 1848 1030 1899 sequuntur:
1054 1845 1241 1897 corporis
1260 1858 1382 1886 usum
1403 1845 1646 1886 desertorem

151 1916 301 1964 animi,
348 1916 420 1958 ubi
465 1909 627 1968 ‘corpus
667 1915 851 1956 deserere
892 1907 1092 1955 ‘animum’
1136 1915 1274 1956 eodem
1318 1913 1436 1954 modo
1482 1913 1644 1963 dicitur,

151 1998 231 2040 quo
263 1984 479 2027 Claudiani
509 1984 596 2026 loco
617 1978 781 2037 ‘corpus
814 1983 1023 2024 dimittere
1055 1981 1248 2024 auimam'
1283 1981 1350 2035 (cf.
1386 1981 1451 2030 73,
1486 1981 1538 2022 14
1559 1993 1644 2022 cer-

152 2054 251 2097 nis.
271 2088 280 2097 .
319 2054 456 2095 uitam
489 2053 629 2105 potius
660 2066 687 2093 a
718 2064 884 2105 corpore
918 2051 1111 2105 deseri,
1144 2064 1270 2103 quam
1309 2062 1454 2101 corpus
1491 2062 1518 2089 a
1553 2049 1645 2089 uita

152 2123 378 2175 dimitti,
426 2121 500 2163 ubi
541 2125 712 2174 utroque
758 2122 881 2162 uerbo
926 2121 1034 2162 idem
1078 2117 1297 2173 significari
1337 2130 1415 2159 non
1447 2118 1645 2169 estquod

154 2190 377 2243 moneam).
417 2191 499 2231 iam
538 2201 633 2230 uero
675 2201 767 2229 cum
807 2189 915 2229 istud
955 2186 1149 2228 mendum
1196 2186 1383 2227 omnibus
1429 2183 1644 2226 Claudiani

152 2258 274 2302 libris
314 2271 530 2301 commune
568 2258 635 2305 sit,
676 2256 887 2310 archetypi
925 2255 1128 2297 librorum
1167 2254 1397 2295 nostrorum
1430 2253 1643 2293 librarium

154 2327 235 2370 iam
279 2339 435 2368 errasse
470 2327 735 2368 statuendum
767 2326 844 2374 cst,
881 2325 950 2377 qui
981 2335 1091 2365 error
1122 2323 1242 2364 facile
1274 2321 1467 2374 explicari
1495 2322 1643 2374 potest,

291 2520 317 2564 ¹)
342 2520 385 2555 Id
410 2520 580 2554 Barthius
606 2519 676 2553 iam
696 2518 871 2563 perspexit
895 2519 931 2551 et
954 2516 986 2551 si
1011 2516 1250 2556 amitteretur,
1275 2516 1476 2547 moreretur
1492 2509 1643 2554 scripsit,

154 2587 242 2622 quae
273 2577 389 2619 uerba,
424 2576 517 2621 quod
547 2576 592 2610 ad
624 2586 762 2609 sensum
788 2574 937 2614 adtinet,
970 2575 1063 2607 recte
1088 2583 1123 2605 se
1147 2571 1287 2610 habent,
1321 2569 1379 2603 sed
1404 2579 1481 2603 cum
1507 2567 1543 2600 in
1569 2576 1644 2600 con-

153 2635 310 2670 clusione
345 2633 572 2678 praecedente
608 2633 720 2666 exstet
752 2642 828 2666 ‘non
852 2630 1044 2671 amittitur,
1083 2629 1189 2662 etiam
1222 2627 1259 2661 in
1290 2625 1484 2664 enuntiato,
1510 2622 1551 2657 de
1575 2632 1642 2666 quo

152 2693 303 2737 agimus,
332 2693 478 2736 negatio
504 2690 733 2725 desideratur.
