1884 2998
563 74 622 109 De
647 75 775 110 statu
800 76 973 111 animae
1004 76 1023 112 1
1047 76 1079 111 7.
1513 82 1568 123 45

71 199 402 242 communionem
433 199 691 253 propriorum
723 199 825 242 alios
857 212 938 242 non
968 201 1206 244 admittant.
1249 205 1312 245 est
1336 216 1430 258 ergo
1461 205 1569 247 inter

70 267 266 309 uniuersa
314 278 506 321 corporea
554 268 653 309 solis
702 268 773 309 lux
823 268 909 309 sine
967 269 1227 312 dubitatione
1282 273 1568 325 praestantior.

69 335 171 378 haec
202 336 254 378 ad
285 335 391 378 illud
421 347 660 390 supremum
692 337 735 378 in
767 336 960 378 uniuerso
983 349 1170 391 corporeo
1192 339 1373 391 pertinet
1393 342 1570 383 elemen-

71 406 176 455 tum,
228 404 335 458 quod
385 404 494 459 ignis
536 404 702 446 dicitur.
760 404 859 446 hinc
907 406 970 447 est
1016 406 1124 460 quod
1164 407 1291 449 etiam
1330 408 1373 450 111
1409 420 1570 461 00111010

45 472 250 515 511111113110
281 473 550 528 principalem
570 485 668 526 prae
689 473 878 516 omnibus
902 473 1087 517 sensibus
1109 475 1245 517 locum
1266 476 1380 518 1113113
1402 476 1571 530 accepit.

72 541 123 584 ab
164 542 325 583 interno
369 541 532 583 scilicet
563 541 697 583 calore
748 542 880 584 cordis
919 554 967 584 ac
1009 542 1154 585 iecoris
1193 543 1368 598 igniculi
1406 545 1571 597 quidam

71 610 310 652 indefessim
354 609 631 652 scintillantes
673 609 717 651 in
755 622 962 653 cameram
1000 611 1147 665 capitis
1185 612 1303 666 quasi
1340 613 1380 654 in
1413 612 1571 654 caelum

71 679 205 723 nostri
237 679 414 732 corporis
445 677 683 720 subuolant.
736 692 784 720 ex
815 679 963 732 quibus
986 679 1089 721 radii
1110 693 1182 734 per
1203 681 1415 722 oculorum
1436 680 1574 721 media

71 747 231 803 profusi
265 760 312 790 30
352 746 503 789 1111111111
544 747 679 788 extero
711 747 925 789 commixti
956 759 1171 801 corporum
1217 761 1321 802 quae
1352 748 1574 790 inciderint

28 832 61 858 ιο
73 829 313 871 1011010113311
351 816 620 858 retrouersim
661 816 851 858 cedentes
897 817 1116 859 eorundem
1162 818 1315 859 colores
1346 829 1392 859 ac
1422 817 1576 858 formas

71 885 284 929 hauriunt.
332 884 629 927 animaduertis
669 884 799 938 igitur
840 897 1049 927 summum
1085 886 1128 927 in
1168 886 1381 928 elementis
1421 886 1574 939 ignem,

72 954 395 1010 pulcherrimam
412 954 456 996 in
474 954 674 996 coloribus
694 954 842 1002 lucem,
864 954 1133 1007 praecipuum
1154 956 1195 996 in
1217 954 1403 997 sensibus
1423 953 1575 994 uisum.

73 1024 184 1066 hunc
220 1023 370 1065 merito
410 1025 533 1076 atque
571 1023 760 1076 potentia
799 1022 965 1064 auditus
1005 1023 1234 1077 insequitur
1273 1023 1337 1064 illi
1375 1022 1576 1064 elemento

76 1104 257 1146 compos,
290 1092 397 1146 quod
419 1092 570 1135 Graeci
591 1092 746 1133 uocant
775 1091 961 1133 aethera:
992 1092 1062 1145 qui
1090 1092 1190 1134 licet
1211 1092 1317 1134 aeris
1339 1093 1393 1134 sit
1414 1092 1574 1140 natura,

29 1176 62 1203 15
75 1165 219 1204 tamen
252 1161 347 1214 quia
379 1160 580 1214 quasdam
610 1159 726 1213 quasi
757 1159 1026 1202 faeculentias
1059 1173 1080 1201 0
1111 1160 1313 1214 supremis
1345 1159 1430 1201 suis
1457 1159 1575 1200 deor-

77 1243 169 1272 sum
211 1241 354 1271 uersus
395 1229 512 1270 uelut
550 1229 591 1270 in
633 1228 809 1270 fundum
851 1228 1017 1282 digerit,
1059 1228 1198 1281 purior
1230 1231 1353 1282 atque
1384 1226 1578 1269 subtilior

75 1299 186 1341 hunc
222 1298 496 1353 procellosum
536 1309 674 1340 aerem
714 1298 755 1339 et
786 1297 1035 1339 naturaliter
1065 1297 1320 1351 nubigenum
1350 1298 1391 1338 et
1419 1296 1506 1338 1000
1538 1296 1580 1337 et

78 1368 283 1422 dignitate
315 1367 606 1421 supereminet.
657 1366 753 1408 hinc
784 1368 844 1407 est
867 1365 972 1419 quod
994 1365 1239 1419 purissimus
1261 1378 1328 1407 aer
1349 1364 1577 1406 faciliorem

79 1440 120 1479 et
150 1436 314 1491 longius
345 1436 557 1489 potentem
587 1434 688 1478 facit
720 1435 926 1477 auditum.
978 1446 1072 1477 nam
1104 1435 1215 1477 sicut
1245 1434 1352 1477 oculi
1383 1433 1470 1475 sine
1492 1432 1577 1474 for-

31 1505 157 1548 20mis
199 1517 415 1559 corporum
452 1506 576 1558 atque
618 1504 793 1546 extrario
842 1503 998 1546 lumine
1042 1503 1312 1556 contemplari
1352 1504 1576 1556 nequeunt,

79 1574 137 1617 310
169 1586 287 1616 311103
319 1574 397 1615 11131
429 1585 520 1615 aere
551 1574 624 1615 aut
653 1584 847 1627 percusso
879 1573 952 1614 aut
981 1571 1080 1614 flato
1111 1583 1192 1613 non
1223 1570 1422 1613 sentiunt.
1456 1569 1516 1611 ita
1538 1570 1580 1611 et

78 1646 241 1686 narium
280 1655 439 1694 sensus,
484 1654 580 1684 nam
620 1643 728 1684 sicut
766 1654 835 1684 aer
875 1640 983 1683 sonis
1018 1639 1213 1691 inficitur,
1260 1641 1307 1681 ut
1337 1639 1381 1680 in
1411 1637 1580 1680 auribus

78 1714 270 1768 operetur
301 1712 503 1766 auditum,
535 1710 596 1753 sic
626 1711 773 1752 itidem
803 1711 872 1752 hic
902 1709 988 1763 ipse
1019 1709 1200 1750 inficitur
1225 1707 1428 1758 odoribus,
1460 1708 1507 1748 ut
1537 1706 1580 1747 111

149 1908 166 1942 1
194 1907 375 1951 proprium
400 1906 436 1939 A
551 1904 572 1938 2
597 1913 739 1947 corpora
765 1902 798 1936 G
905 1902 927 1937 5
950 1901 1060 1945 uisus]
1087 1910 1178 1934 unus
1207 1899 1237 1935 Ο
1343 1899 1364 1932 9
1389 1896 1582 1941 corporum]

80 1965 118 2000 in
141 1964 228 2000 add.
248 1974 277 2008 p
393 1962 628 2007 corporumqll
655 1960 685 1996 S
805 1958 847 1993 10
871 1967 1069 2002 repercusso
1094 1955 1311 1997 ABUFL,
1352 1954 1581 1998 repercussim

81 2023 155 2059 Mb
297 2022 337 2056 11
372 2020 517 2054 auriunt
541 2018 578 2054 R
715 2015 959 2052 animaduerte
987 2015 1021 2050 G
1161 2013 1202 2047 12
1227 2011 1429 2056 corporibus
1458 2010 1491 2046 G

80 2082 119 2116 in
143 2084 231 2116 ante
256 2078 417 2114 sensibus
444 2087 510 2112 om.
541 2076 570 2112 Ο
691 2075 734 2109 13
758 2074 954 2118 potentiam
979 2071 1067 2107 B¹R
1181 2070 1242 2115 ille
1268 2069 1308 2104 S¹
1425 2068 1467 2102 14
1492 2077 1582 2102 00111-

81 2148 143 2183 1103
175 2137 262 2173 libri
292 2147 375 2171 eum
406 2134 485 2176 PT,
523 2132 618 2178 quod
649 2142 726 2167 non
755 2129 983 2171 mutandum,
1015 2127 1077 2163 sed
1108 2126 1292 2172 sinyulari
1321 2124 1585 2171 siqnificatione

82 2195 217 2231 dietum
243 2204 316 2229 esse
340 2202 463 2227 censeo
487 2201 568 2225 cum
591 2189 749 2225 Barthio
775 2188 835 2231 (cf.
861 2187 1050 2229 indicem),
1093 2194 1234 2227 compar
1253 2193 1282 2227 p
1420 2181 1515 2225 licet]
1543 2190 1584 2214 ex

81 2252 167 2290 add.
193 2251 272 2288 sch.
413 2249 457 2284 15
482 2246 673 2282 feculentia
697 2256 733 2280 se
756 2244 791 2280 R
931 2254 948 2278 e
974 2253 1039 2278 om.
1067 2242 1097 2276 S
1231 2240 1272 2275 16
1302 2239 1396 2283 prior
1421 2237 1494 2273 Mb

84 2311 127 2346 17
166 2309 383 2353 nubigosum
424 2306 513 2347 Mb,
585 2303 683 2339 unde
722 2302 879 2338 conicias
926 2300 1104 2336 exstitisse
1144 2298 1228 2333 olim
1267 2295 1467 2330 nubilosum
1506 2293 1584 2328 coll.

83 2368 195 2412 Apul.
227 2369 308 2402 met.
339 2368 395 2407 11,
426 2366 449 2399 7
588 2362 630 2397 18
667 2360 904 2406 supereminet
940 2368 1005 2393 om.
1042 2355 1195 2391 ABDF
1328 2353 1371 2386 19
1406 2352 1585 2396 patentem

85 2436 166 2472 Sela,
328 2433 374 2468 20
409 2442 595 2476 corporum
631 2429 755 2465 formis
793 2428 823 2463 S
985 2426 1026 2460 21
1065 2424 1148 2458 flato
1190 2422 1231 2464 G,
1270 2413 1357 2454 flatfi
1380 2418 1460 2460 LS,
1500 2419 1586 2452 flatu

84 2499 163 2534 rell.
196 2502 229 2533 et
260 2497 291 2541 b,
332 2497 441 2531 flante
478 2495 577 2538 Sela,
618 2494 740 2528 inflato
778 2490 975 2530 Barthius,
1007 2488 1161 2531 fortasse
1198 2484 1287 2519 aeris
1324 2484 1387 2517 aut
1422 2490 1586 2526 percussu

85 2557 147 2590 aut
182 2554 270 2589 flatu
305 2552 534 2589 scribendum
571 2554 622 2585 est
784 2548 828 2583 23
864 2546 1031 2581 scididem
1069 2544 1104 2579 R
1265 2539 1396 2573 ididem
1432 2535 1585 2578 AFPT,

85 2616 217 2673 ididem
250 2616 285 2651 B
423 2615 481 2649 hic
512 2625 579 2649 om.
608 2613 655 2648 M
685 2615 719 2647 et
744 2611 914 2652 editores,
947 2607 1113 2653 quamuis
1137 2603 1303 2640 uocuzam
1329 2601 1434 2636 etiam
1458 2599 1497 2633 in
1520 2597 1590 2632 PT

86 2690 229 2723 exstare
255 2686 417 2721 schottus
440 2687 593 2719 testetur
