<?xml version="1.0" encoding="UTF-8"?>
<!DOCTYPE html PUBLIC "-//W3C//DTD XHTML 1.0 Transitional//EN"
    "http://www.w3.org/TR/xhtml1/DTD/xhtml1-transitional.dtd">
<html xmlns="http://www.w3.org/1999/xhtml" xml:lang="en" lang="en">
 <head>
  <title>
</title>
<meta http-equiv="Content-Type" content="text/html;charset=utf-8" />
  <meta name='ocr-system' content='tesseract 3.04.00' />
  <meta name='ocr-capabilities' content='ocr_page ocr_carea ocr_par ocr_line ocrx_word'/>
</head>
<body>
  <div class='ocr_page' id='page_1' title='image "./corpusscriptorum11clauuoft_0236.png"; bbox 0 0 1884 2998; ppageno 0'>
   <div class='ocr_carea' id='block_1_1' title="bbox 267 132 1260 179">
    <p class='ocr_par' dir='ltr' id='par_1_1' title="bbox 267 132 1260 179">
     <span class='ocr_line' id='line_1_1' title="bbox 267 132 1260 179; baseline -0.006 -5"><span class='ocrx_word' id='word_1_1' title='bbox 267 136 349 179; x_wconf 86' lang='lat'>182</span> <span class='ocrx_word' id='word_1_2' title='bbox 780 132 1026 169; x_wconf 79' lang='lat' dir='ltr'>Claudiani</span> <span class='ocrx_word' id='word_1_3' title='bbox 1049 133 1260 168; x_wconf 81' lang='lat' dir='ltr'>Mamerti</span> 
     </span>
    </p>
   </div>
   <div class='ocr_carea' id='block_1_2' title="bbox 263 259 1817 1885">
    <p class='ocr_par' dir='ltr' id='par_1_2' title="bbox 263 259 1814 996">
     <span class='ocr_line' id='line_1_2' title="bbox 264 259 1766 314; baseline 0 -12"><span class='ocrx_word' id='word_1_4' title='bbox 264 266 352 303; x_wconf 81' lang='lat' dir='ltr'>tur</span> <span class='ocrx_word' id='word_1_5' title='bbox 391 259 608 302; x_wconf 88' lang='lat' dir='ltr'>inclusa.</span> <span class='ocrx_word' id='word_1_6' title='bbox 659 259 695 302; x_wconf 88' lang='lat' dir='ltr'>si</span> <span class='ocrx_word' id='word_1_7' title='bbox 735 260 847 301; x_wconf 81' lang='lat' dir='ltr'>intra</span> <span class='ocrx_word' id='word_1_8' title='bbox 886 259 1076 314; x_wconf 88' lang='lat' dir='ltr'>saeptum</span> <span class='ocrx_word' id='word_1_9' title='bbox 1116 259 1306 312; x_wconf 89' lang='lat' dir='ltr'>corporis,</span> <span class='ocrx_word' id='word_1_10' title='bbox 1348 262 1394 300; x_wconf 82' lang='lat' dir='ltr'>ut</span> <span class='ocrx_word' id='word_1_11' title='bbox 1434 263 1480 300; x_wconf 90' lang='lat' dir='ltr'>tu</span> <span class='ocrx_word' id='word_1_12' title='bbox 1509 259 1584 311; x_wconf 87' lang='lat' dir='ltr'>ais,</span> <span class='ocrx_word' id='word_1_13' title='bbox 1626 260 1766 303; x_wconf 89' lang='lat' dir='ltr'>anima</span> 
     </span>
     <span class='ocr_line' id='line_1_3' title="bbox 264 327 1763 380; baseline -0.001 -9"><span class='ocrx_word' id='word_1_14' title='bbox 264 330 467 379; x_wconf 83' lang='lat' dir='ltr'>mouetur,</span> <span class='ocrx_word' id='word_1_15' title='bbox 502 327 696 370; x_wconf 88' lang='lat' dir='ltr'>uidelicet</span> <span class='ocrx_word' id='word_1_16' title='bbox 727 328 841 370; x_wconf 88' lang='lat' dir='ltr'>stans</span> <span class='ocrx_word' id='word_1_17' title='bbox 864 330 1065 377; x_wconf 81' lang='lat' dir='ltr'>mouetur,</span> <span class='ocrx_word' id='word_1_18' title='bbox 1088 327 1196 380; x_wconf 89' lang='lat' dir='ltr'>quod</span> <span class='ocrx_word' id='word_1_19' title='bbox 1218 327 1301 369; x_wconf 92' lang='lat' dir='ltr'>dici</span> <span class='ocrx_word' id='word_1_20' title='bbox 1323 327 1481 370; x_wconf 87' lang='lat' dir='ltr'>ratione</span> <span class='ocrx_word' id='word_1_21' title='bbox 1500 340 1581 370; x_wconf 92' lang='lat' dir='ltr'>non</span> <span class='ocrx_word' id='word_1_22' title='bbox 1602 329 1763 370; x_wconf 84' lang='lat' dir='ltr'>sinitur.</span> 
     </span>
     <span class='ocr_line' id='line_1_4' title="bbox 263 395 1765 449; baseline 0.001 -11"><span class='ocrx_word' id='word_1_23' title='bbox 263 396 331 439; x_wconf 89' lang='lat' dir='ltr'>sin</span> <span class='ocrx_word' id='word_1_24' title='bbox 360 407 458 438; x_wconf 88' lang='lat' dir='ltr'>uero</span> <span class='ocrx_word' id='word_1_25' title='bbox 489 396 604 438; x_wconf 86' lang='lat' dir='ltr'>extra</span> <span class='ocrx_word' id='word_1_26' title='bbox 634 407 781 449; x_wconf 90' lang='lat' dir='ltr'>corpus</span> <span class='ocrx_word' id='word_1_27' title='bbox 811 395 994 437; x_wconf 87' lang='lat' dir='ltr'>motibus</span> <span class='ocrx_word' id='word_1_28' title='bbox 1026 395 1226 444; x_wconf 88' lang='lat' dir='ltr'>differtur,</span> <span class='ocrx_word' id='word_1_29' title='bbox 1259 395 1418 438; x_wconf 89' lang='lat' dir='ltr'>inclusa</span> <span class='ocrx_word' id='word_1_30' title='bbox 1438 395 1566 449; x_wconf 76' lang='lat' dir='ltr'>igitur</span> <span class='ocrx_word' id='word_1_31' title='bbox 1587 397 1765 439; x_wconf 88' lang='lat' dir='ltr'>condici-</span> 
     </span>
     <span class='ocr_line' id='line_1_5' title="bbox 265 463 1766 517; baseline 0.001 -11"><span class='ocrx_word' id='word_1_32' title='bbox 265 477 342 506; x_wconf 85' lang='lat' dir='ltr'>one</span> <span class='ocrx_word' id='word_1_33' title='bbox 381 464 637 506; x_wconf 82' lang='lat' dir='ltr'>substantiae</span> <span class='ocrx_word' id='word_1_34' title='bbox 675 477 754 507; x_wconf 89' lang='lat' dir='ltr'>non</span> <span class='ocrx_word' id='word_1_35' title='bbox 795 466 971 507; x_wconf 85' lang='lat' dir='ltr'>tenetur.</span> <span class='ocrx_word' id='word_1_36' title='bbox 1017 464 1108 517; x_wconf 90' lang='lat' dir='ltr'>quis</span> <span class='ocrx_word' id='word_1_37' title='bbox 1145 466 1285 505; x_wconf 92' lang='lat' dir='ltr'>autem</span> <span class='ocrx_word' id='word_1_38' title='bbox 1321 463 1426 505; x_wconf 88' lang='lat' dir='ltr'>dicit</span> <span class='ocrx_word' id='word_1_39' title='bbox 1460 464 1556 506; x_wconf 91' lang='lat' dir='ltr'>solis</span> <span class='ocrx_word' id='word_1_40' title='bbox 1587 465 1766 508; x_wconf 85' lang='lat' dir='ltr'>motibus</span> 
     </span>
     <span class='ocr_line' id='line_1_6' title="bbox 264 531 1814 586; baseline -0.001 -12"><span class='ocrx_word' id='word_1_41' title='bbox 264 533 404 586; x_wconf 80' lang='lat' dir='ltr'>uaga?</span> <span class='ocrx_word' id='word_1_42' title='bbox 443 532 561 585; x_wconf 86' lang='lat' dir='ltr'>quasi</span> <span class='ocrx_word' id='word_1_43' title='bbox 606 531 832 586; x_wconf 86' lang='lat' dir='ltr'><strong>quidquam</strong></span> <span class='ocrx_word' id='word_1_44' title='bbox 877 531 1022 585; x_wconf 88' lang='lat' dir='ltr'>uagari</span> <span class='ocrx_word' id='word_1_45' title='bbox 1069 532 1198 585; x_wconf 82' lang='lat' dir='ltr'>possit</span> <span class='ocrx_word' id='word_1_46' title='bbox 1237 532 1442 574; x_wconf 88' lang='lat' dir='ltr'>inmotum</span> <span class='ocrx_word' id='word_1_47' title='bbox 1483 535 1554 574; x_wconf 91' lang='lat' dir='ltr'>aut</span> <span class='ocrx_word' id='word_1_48' title='bbox 1593 545 1674 575; x_wconf 91' lang='lat' dir='ltr'>non</span> <span class='ocrx_word' id='word_1_49' title='bbox 1712 534 1767 575; x_wconf 88' lang='lat' dir='ltr'>sit</span> <span class='ocrx_word' id='word_1_50' title='bbox 1797 546 1814 572; x_wconf 88' lang='lat'><strong>5</strong></span> 
     </span>
     <span class='ocr_line' id='line_1_7' title="bbox 264 599 1766 653; baseline 0 -11"><span class='ocrx_word' id='word_1_51' title='bbox 264 600 427 643; x_wconf 82' lang='lat' dir='ltr'>facilius</span> <span class='ocrx_word' id='word_1_52' title='bbox 458 602 614 643; x_wconf 89' lang='lat' dir='ltr'>moueri</span> <span class='ocrx_word' id='word_1_53' title='bbox 644 603 685 642; x_wconf 85' lang='lat' dir='ltr'>et</span> <span class='ocrx_word' id='word_1_54' title='bbox 716 612 797 642; x_wconf 88' lang='lat' dir='ltr'>non</span> <span class='ocrx_word' id='word_1_55' title='bbox 827 600 983 653; x_wconf 86' lang='lat' dir='ltr'>uagari,</span> <span class='ocrx_word' id='word_1_56' title='bbox 1014 599 1121 652; x_wconf 88' lang='lat' dir='ltr'>quod</span> <span class='ocrx_word' id='word_1_57' title='bbox 1142 599 1243 641; x_wconf 84' lang='lat' dir='ltr'>facit</span> <span class='ocrx_word' id='word_1_58' title='bbox 1264 600 1428 642; x_wconf 89' lang='lat' dir='ltr'>animus</span> <span class='ocrx_word' id='word_1_59' title='bbox 1450 613 1523 653; x_wconf 90' lang='lat' dir='ltr'>per</span> <span class='ocrx_word' id='word_1_60' title='bbox 1545 601 1766 652; x_wconf 88' lang='lat' dir='ltr'>adfectum,</span> 
     </span>
     <span class='ocr_line' id='line_1_8' title="bbox 265 669 1768 723; baseline 0.001 -12"><span class='ocrx_word' id='word_1_61' title='bbox 265 669 363 723; x_wconf 90' lang='lat' dir='ltr'>quia</span> <span class='ocrx_word' id='word_1_62' title='bbox 393 669 581 711; x_wconf 88' lang='lat' dir='ltr'>subiacet</span> <span class='ocrx_word' id='word_1_63' title='bbox 611 670 754 722; x_wconf 84' lang='lat' dir='ltr'>utique</span> <span class='ocrx_word' id='word_1_64' title='bbox 784 669 917 710; x_wconf 83' lang='lat' dir='ltr'>motui</span> <span class='ocrx_word' id='word_1_65' title='bbox 947 680 1028 709; x_wconf 90' lang='lat' dir='ltr'>non</span> <span class='ocrx_word' id='word_1_66' title='bbox 1059 669 1285 710; x_wconf 89' lang='lat' dir='ltr'>secundum</span> <span class='ocrx_word' id='word_1_67' title='bbox 1306 671 1454 722; x_wconf 86' lang='lat' dir='ltr'>locum,</span> <span class='ocrx_word' id='word_1_68' title='bbox 1479 681 1604 722; x_wconf 89' lang='lat' dir='ltr'>quam</span> <span class='ocrx_word' id='word_1_69' title='bbox 1627 673 1768 722; x_wconf 84' lang='lat' dir='ltr'>uagari</span> 
     </span>
     <span class='ocr_line' id='line_1_9' title="bbox 265 737 1769 793; baseline 0.001 -15"><span class='ocrx_word' id='word_1_70' title='bbox 265 738 477 792; x_wconf 85' lang='lat' dir='ltr'>quippiam</span> <span class='ocrx_word' id='word_1_71' title='bbox 508 750 586 779; x_wconf 92' lang='lat' dir='ltr'>nec</span> <span class='ocrx_word' id='word_1_72' title='bbox 615 738 786 793; x_wconf 89' lang='lat' dir='ltr'>moueri,</span> <span class='ocrx_word' id='word_1_73' title='bbox 819 737 925 791; x_wconf 90' lang='lat' dir='ltr'>quod</span> <span class='ocrx_word' id='word_1_74' title='bbox 956 739 1020 779; x_wconf 87' lang='lat' dir='ltr'>est</span> <span class='ocrx_word' id='word_1_75' title='bbox 1050 738 1193 791; x_wconf 89' lang='lat' dir='ltr'>utique</span> <span class='ocrx_word' id='word_1_76' title='bbox 1222 738 1433 791; x_wconf 86' lang='lat' dir='ltr'>proprium</span> <span class='ocrx_word' id='word_1_77' title='bbox 1457 738 1650 792; x_wconf 86' lang='lat' dir='ltr'>corporis,</span> <span class='ocrx_word' id='word_1_78' title='bbox 1673 738 1769 791; x_wconf 91' lang='lat' dir='ltr'>quia</span> 
     </span>
     <span class='ocr_line' id='line_1_10' title="bbox 266 805 1768 860; baseline 0 -13"><span class='ocrx_word' id='word_1_79' title='bbox 266 805 452 848; x_wconf 82' lang='lat' dir='ltr'>subiacet</span> <span class='ocrx_word' id='word_1_80' title='bbox 484 808 525 847; x_wconf 87' lang='lat' dir='ltr'>et</span> <span class='ocrx_word' id='word_1_81' title='bbox 554 806 727 847; x_wconf 87' lang='lat' dir='ltr'>motioni</span> <span class='ocrx_word' id='word_1_82' title='bbox 758 818 831 858; x_wconf 87' lang='lat' dir='ltr'>per</span> <span class='ocrx_word' id='word_1_83' title='bbox 861 805 1011 847; x_wconf 88' lang='lat' dir='ltr'>locum.</span> <span class='ocrx_word' id='word_1_84' title='bbox 1067 808 1114 846; x_wconf 85' lang='lat' dir='ltr'>tu</span> <span class='ocrx_word' id='word_1_85' title='bbox 1144 817 1239 847; x_wconf 87' lang='lat' dir='ltr'>uero</span> <span class='ocrx_word' id='word_1_86' title='bbox 1272 805 1390 847; x_wconf 91' lang='lat' dir='ltr'>illam</span> <span class='ocrx_word' id='word_1_87' title='bbox 1422 807 1462 847; x_wconf 86' lang='lat' dir='ltr'>et</span> <span class='ocrx_word' id='word_1_88' title='bbox 1490 808 1596 847; x_wconf 89' lang='lat' dir='ltr'>stare</span> <span class='ocrx_word' id='word_1_89' title='bbox 1619 819 1768 860; x_wconf 85' lang='lat' dir='ltr'>uagam</span> 
     </span>
     <span class='ocr_line' id='line_1_11' title="bbox 267 873 1814 927; baseline -0.001 -12"><span class='ocrx_word' id='word_1_90' title='bbox 267 877 308 915; x_wconf 90' lang='lat' dir='ltr'>et</span> <span class='ocrx_word' id='word_1_91' title='bbox 349 874 494 927; x_wconf 89' lang='lat' dir='ltr'>uagari</span> <span class='ocrx_word' id='word_1_92' title='bbox 534 873 637 915; x_wconf 88' lang='lat' dir='ltr'>dicis</span> <span class='ocrx_word' id='word_1_93' title='bbox 680 873 895 923; x_wconf 82' lang='lat' dir='ltr'>inclusam,</span> <span class='ocrx_word' id='word_1_94' title='bbox 938 885 1044 924; x_wconf 88' lang='lat' dir='ltr'>cum,</span> <span class='ocrx_word' id='word_1_95' title='bbox 1087 873 1192 914; x_wconf 86' lang='lat' dir='ltr'>sicut</span> <span class='ocrx_word' id='word_1_96' title='bbox 1223 886 1348 927; x_wconf 88' lang='lat' dir='ltr'>supra</span> <span class='ocrx_word' id='word_1_97' title='bbox 1380 874 1462 915; x_wconf 87' lang='lat' dir='ltr'>iam</span> <span class='ocrx_word' id='word_1_98' title='bbox 1494 874 1693 924; x_wconf 84' lang='lat' dir='ltr'>constitit,</span> <span class='ocrx_word' id='word_1_99' title='bbox 1728 876 1768 915; x_wconf 88' lang='lat' dir='ltr'>et</span> <span class='ocrx_word' id='word_1_100' title='bbox 1782 889 1814 914; x_wconf 87' lang='lat'>10</span> 
     </span>
     <span class='ocr_line' id='line_1_12' title="bbox 265 941 1464 996; baseline 0.001 -13"><span class='ocrx_word' id='word_1_101' title='bbox 265 943 378 984; x_wconf 82' lang='lat' dir='ltr'>moto</span> <span class='ocrx_word' id='word_1_102' title='bbox 410 954 574 996; x_wconf 89' lang='lat' dir='ltr'>corpore</span> <span class='ocrx_word' id='word_1_103' title='bbox 605 942 831 983; x_wconf 72' lang='lat' dir='ltr'>consistere</span> <span class='ocrx_word' id='word_1_104' title='bbox 864 942 904 983; x_wconf 89' lang='lat' dir='ltr'>et</span> <span class='ocrx_word' id='word_1_105' title='bbox 942 941 1098 983; x_wconf 88' lang='lat' dir='ltr'>moueri</span> <span class='ocrx_word' id='word_1_106' title='bbox 1130 942 1261 994; x_wconf 79' lang='lat' dir='ltr'>possit</span> <span class='ocrx_word' id='word_1_107' title='bbox 1291 943 1464 984; x_wconf 86' lang='lat' dir='ltr'>inmoto.</span> 
     </span>
    </p>

    <p class='ocr_par' dir='ltr' id='par_1_3' title="bbox 263 1010 1817 1885">
     <span class='ocr_line' id='line_1_13' title="bbox 321 1010 1768 1065; baseline 0 -13"><span class='ocrx_word' id='word_1_108' title='bbox 321 1011 382 1052; x_wconf 85' lang='lat' dir='ltr'>En</span> <span class='ocrx_word' id='word_1_109' title='bbox 414 1013 613 1065; x_wconf 89' lang='lat' dir='ltr'>quatenus</span> <span class='ocrx_word' id='word_1_110' title='bbox 646 1011 695 1052; x_wconf 93' lang='lat' dir='ltr'>de</span> <span class='ocrx_word' id='word_1_111' title='bbox 724 1010 935 1052; x_wconf 74' lang='lat' dir='ltr'>localitate</span> <span class='ocrx_word' id='word_1_112' title='bbox 966 1010 1124 1051; x_wconf 84' lang='lat' dir='ltr'>animae</span> <span class='ocrx_word' id='word_1_113' title='bbox 1155 1011 1435 1063; x_wconf 84' lang='lat' dir='ltr'>disputauisti‚</span> <span class='ocrx_word' id='word_1_114' title='bbox 1468 1011 1511 1052; x_wconf 77' lang='lat' dir='ltr'>in</span> <span class='ocrx_word' id='word_1_115' title='bbox 1533 1011 1609 1052; x_wconf 91' lang='lat' dir='ltr'>hoc</span> <span class='ocrx_word' id='word_1_116' title='bbox 1628 1013 1768 1052; x_wconf 87' lang='lat' dir='ltr'>tamen</span> 
     </span>
     <span class='ocr_line' id='line_1_14' title="bbox 263 1078 1768 1133; baseline 0 -13"><span class='ocrx_word' id='word_1_117' title='bbox 263 1080 393 1121; x_wconf 77' lang='lat' dir='ltr'>temet</span> <span class='ocrx_word' id='word_1_118' title='bbox 423 1079 617 1133; x_wconf 88' lang='lat' dir='ltr'>ignauiae</span> <span class='ocrx_word' id='word_1_119' title='bbox 648 1092 729 1121; x_wconf 92' lang='lat' dir='ltr'>non</span> <span class='ocrx_word' id='word_1_120' title='bbox 760 1091 933 1121; x_wconf 87' lang='lat' dir='ltr'>arcesso.</span> <span class='ocrx_word' id='word_1_121' title='bbox 985 1079 1092 1119; x_wconf 90' lang='lat' dir='ltr'>illud</span> <span class='ocrx_word' id='word_1_122' title='bbox 1126 1079 1314 1132; x_wconf 85' lang='lat' dir='ltr'>equidem</span> <span class='ocrx_word' id='word_1_123' title='bbox 1336 1078 1575 1132; x_wconf 85' lang='lat' dir='ltr'>nequiuisti,</span> <span class='ocrx_word' id='word_1_124' title='bbox 1608 1078 1768 1120; x_wconf 84' lang='lat' dir='ltr'>scilicet</span> 
     </span>
     <span class='ocr_line' id='line_1_15' title="bbox 265 1147 1768 1201; baseline 0 -13"><span class='ocrx_word' id='word_1_125' title='bbox 265 1148 372 1201; x_wconf 90' lang='lat' dir='ltr'>quod</span> <span class='ocrx_word' id='word_1_126' title='bbox 402 1148 446 1189; x_wconf 93' lang='lat' dir='ltr'>in</span> <span class='ocrx_word' id='word_1_127' title='bbox 476 1148 551 1190; x_wconf 86' lang='lat' dir='ltr'>hoc</span> <span class='ocrx_word' id='word_1_128' title='bbox 581 1148 822 1201; x_wconf 84' lang='lat' dir='ltr'>praesertim</span> <span class='ocrx_word' id='word_1_129' title='bbox 850 1148 939 1189; x_wconf 92' lang='lat' dir='ltr'>loco</span> <span class='ocrx_word' id='word_1_130' title='bbox 962 1161 1012 1189; x_wconf 87' lang='lat' dir='ltr'>ne</span> <span class='ocrx_word' id='word_1_131' title='bbox 1034 1148 1276 1201; x_wconf 84' lang='lat' dir='ltr'>potissimus</span> <span class='ocrx_word' id='word_1_132' title='bbox 1298 1150 1432 1189; x_wconf 87' lang='lat' dir='ltr'>orator</span> <span class='ocrx_word' id='word_1_133' title='bbox 1454 1147 1626 1201; x_wconf 88' lang='lat' dir='ltr'>quisque</span> <span class='ocrx_word' id='word_1_134' title='bbox 1647 1150 1768 1200; x_wconf 90' lang='lat' dir='ltr'>potu-</span> 
     </span>
     <span class='ocr_line' id='line_1_16' title="bbox 264 1215 1815 1270; baseline -0.001 -13"><span class='ocrx_word' id='word_1_135' title='bbox 264 1216 378 1266; x_wconf 87' lang='lat' dir='ltr'>isset,</span> <span class='ocrx_word' id='word_1_136' title='bbox 419 1216 678 1269; x_wconf 86' lang='lat' dir='ltr'>quantalibet</span> <span class='ocrx_word' id='word_1_137' title='bbox 708 1216 820 1258; x_wconf 86' lang='lat' dir='ltr'>enim</span> <span class='ocrx_word' id='word_1_138' title='bbox 865 1216 1026 1258; x_wconf 86' lang='lat' dir='ltr'>dicendi</span> <span class='ocrx_word' id='word_1_139' title='bbox 1068 1217 1185 1270; x_wconf 93' lang='lat' dir='ltr'>copia</span> <span class='ocrx_word' id='word_1_140' title='bbox 1215 1217 1427 1269; x_wconf 85' lang='lat' dir='ltr'>praeditus</span> <span class='ocrx_word' id='word_1_141' title='bbox 1458 1216 1641 1257; x_wconf 81' lang='lat' dir='ltr'>adsertor</span> <span class='ocrx_word' id='word_1_142' title='bbox 1672 1215 1815 1257; x_wconf 78' lang='lat' dir='ltr'>falsi15</span> 
     </span>
     <span class='ocr_line' id='line_1_17' title="bbox 265 1284 1769 1338; baseline -0.001 -12"><span class='ocrx_word' id='word_1_143' title='bbox 265 1286 411 1326; x_wconf 83' lang='lat' dir='ltr'>contra</span> <span class='ocrx_word' id='word_1_144' title='bbox 440 1284 698 1338; x_wconf 85' lang='lat' dir='ltr'>perspicuam</span> <span class='ocrx_word' id='word_1_145' title='bbox 729 1285 948 1326; x_wconf 83' lang='lat' dir='ltr'>ueritatem</span> <span class='ocrx_word' id='word_1_146' title='bbox 980 1285 1148 1326; x_wconf 89' lang='lat' dir='ltr'>mentiri</span> <span class='ocrx_word' id='word_1_147' title='bbox 1173 1286 1320 1337; x_wconf 88' lang='lat' dir='ltr'>potest,</span> <span class='ocrx_word' id='word_1_148' title='bbox 1354 1284 1496 1325; x_wconf 87' lang='lat' dir='ltr'>fallere</span> <span class='ocrx_word' id='word_1_149' title='bbox 1519 1295 1598 1325; x_wconf 92' lang='lat' dir='ltr'>non</span> <span class='ocrx_word' id='word_1_150' title='bbox 1620 1285 1769 1337; x_wconf 84' lang='lat' dir='ltr'>potest.</span> 
     </span>
     <span class='ocr_line' id='line_1_18' title="bbox 267 1352 1771 1406; baseline 0 -12"><span class='ocrx_word' id='word_1_151' title='bbox 267 1353 316 1395; x_wconf 90' lang='lat' dir='ltr'>de</span> <span class='ocrx_word' id='word_1_152' title='bbox 347 1352 583 1406; x_wconf 86' lang='lat' dir='ltr'>quantitate</span> <span class='ocrx_word' id='word_1_153' title='bbox 615 1355 755 1394; x_wconf 84' lang='lat' dir='ltr'>autem</span> <span class='ocrx_word' id='word_1_154' title='bbox 786 1365 858 1394; x_wconf 87' lang='lat' dir='ltr'>cur</span> <span class='ocrx_word' id='word_1_155' title='bbox 889 1354 929 1394; x_wconf 81' lang='lat' dir='ltr'>te</span> <span class='ocrx_word' id='word_1_156' title='bbox 960 1353 1269 1405; x_wconf 84' lang='lat' dir='ltr'>disputaturum</span> <span class='ocrx_word' id='word_1_157' title='bbox 1299 1354 1561 1406; x_wconf 89' lang='lat' dir='ltr'>spoponderis</span> <span class='ocrx_word' id='word_1_158' title='bbox 1585 1352 1771 1406; x_wconf 86' lang='lat' dir='ltr'>nihilque</span> 
     </span>
     <span class='ocr_line' id='line_1_19' title="bbox 266 1421 1771 1475; baseline 0 -13"><span class='ocrx_word' id='word_1_159' title='bbox 266 1422 316 1463; x_wconf 91' lang='lat' dir='ltr'>de</span> <span class='ocrx_word' id='word_1_160' title='bbox 348 1423 488 1463; x_wconf 88' lang='lat' dir='ltr'>eadem</span> <span class='ocrx_word' id='word_1_161' title='bbox 521 1422 775 1472; x_wconf 82' lang='lat' dir='ltr'>disserueris,</span> <span class='ocrx_word' id='word_1_162' title='bbox 808 1433 889 1463; x_wconf 91' lang='lat' dir='ltr'>non</span> <span class='ocrx_word' id='word_1_163' title='bbox 919 1434 1085 1475; x_wconf 85' lang='lat' dir='ltr'>possum</span> <span class='ocrx_word' id='word_1_164' title='bbox 1118 1421 1335 1463; x_wconf 86' lang='lat' dir='ltr'>Obliuionis</span> <span class='ocrx_word' id='word_1_165' title='bbox 1358 1422 1484 1463; x_wconf 87' lang='lat' dir='ltr'>fuisse</span> <span class='ocrx_word' id='word_1_166' title='bbox 1507 1421 1652 1472; x_wconf 84' lang='lat' dir='ltr'>dicere,</span> <span class='ocrx_word' id='word_1_167' title='bbox 1676 1433 1771 1463; x_wconf 86' lang='lat' dir='ltr'>cum</span> 
     </span>
     <span class='ocr_line' id='line_1_20' title="bbox 266 1489 1768 1543; baseline 0.001 -12"><span class='ocrx_word' id='word_1_168' title='bbox 266 1489 367 1531; x_wconf 87' lang='lat' dir='ltr'>satis</span> <span class='ocrx_word' id='word_1_169' title='bbox 399 1492 555 1532; x_wconf 87' lang='lat' dir='ltr'>constet</span> <span class='ocrx_word' id='word_1_170' title='bbox 585 1502 635 1531; x_wconf 86' lang='lat' dir='ltr'>ne</span> <span class='ocrx_word' id='word_1_171' title='bbox 665 1501 813 1532; x_wconf 92' lang='lat' dir='ltr'>nomen</span> <span class='ocrx_word' id='word_1_172' title='bbox 845 1490 930 1531; x_wconf 90' lang='lat' dir='ltr'>eius</span> <span class='ocrx_word' id='word_1_173' title='bbox 956 1490 1038 1531; x_wconf 89' lang='lat' dir='ltr'>nisi</span> <span class='ocrx_word' id='word_1_174' title='bbox 1075 1502 1121 1531; x_wconf 88' lang='lat' dir='ltr'>ex</span> <span class='ocrx_word' id='word_1_175' title='bbox 1159 1490 1356 1531; x_wconf 85' lang='lat' dir='ltr'>memoria</span> <span class='ocrx_word' id='word_1_176' title='bbox 1378 1491 1561 1543; x_wconf 84' lang='lat' dir='ltr'>potuisse</span> <span class='ocrx_word' id='word_1_177' title='bbox 1583 1489 1768 1543; x_wconf 83' lang='lat' dir='ltr'>proferri.</span> 
     </span>
     <span class='ocr_line' id='line_1_21' title="bbox 266 1557 1817 1613; baseline 0 -14"><span class='ocrx_word' id='word_1_178' title='bbox 266 1559 371 1600; x_wconf 89' lang='lat' dir='ltr'>illud</span> <span class='ocrx_word' id='word_1_179' title='bbox 404 1570 498 1611; x_wconf 85' lang='lat' dir='ltr'>ergo</span> <span class='ocrx_word' id='word_1_180' title='bbox 530 1558 663 1613; x_wconf 86' lang='lat' dir='ltr'>magis</span> <span class='ocrx_word' id='word_1_181' title='bbox 697 1558 945 1600; x_wconf 86' lang='lat' dir='ltr'>credendum</span> <span class='ocrx_word' id='word_1_182' title='bbox 979 1559 1043 1599; x_wconf 87' lang='lat' dir='ltr'>est</span> <span class='ocrx_word' id='word_1_183' title='bbox 1072 1559 1113 1599; x_wconf 82' lang='lat' dir='ltr'>te</span> <span class='ocrx_word' id='word_1_184' title='bbox 1146 1570 1225 1599; x_wconf 89' lang='lat' dir='ltr'>non</span> <span class='ocrx_word' id='word_1_185' title='bbox 1257 1558 1439 1599; x_wconf 88' lang='lat' dir='ltr'>noluisse</span> <span class='ocrx_word' id='word_1_186' title='bbox 1482 1559 1554 1599; x_wconf 83' lang='lat' dir='ltr'>aut</span> <span class='ocrx_word' id='word_1_187' title='bbox 1591 1557 1769 1599; x_wconf 89' lang='lat' dir='ltr'>oblitum</span> <span class='ocrx_word' id='word_1_188' title='bbox 1783 1574 1817 1599; x_wconf 84' lang='lat'>20</span> 
     </span>
     <span class='ocr_line' id='line_1_22' title="bbox 264 1626 1770 1681; baseline -0.002 -12"><span class='ocrx_word' id='word_1_189' title='bbox 264 1627 391 1670; x_wconf 88' lang='lat' dir='ltr'>fuisse</span> <span class='ocrx_word' id='word_1_190' title='bbox 434 1627 581 1678; x_wconf 83' lang='lat' dir='ltr'>dicere,</span> <span class='ocrx_word' id='word_1_191' title='bbox 623 1627 694 1668; x_wconf 88' lang='lat' dir='ltr'>sed</span> <span class='ocrx_word' id='word_1_192' title='bbox 735 1627 839 1668; x_wconf 85' lang='lat' dir='ltr'>nihil</span> <span class='ocrx_word' id='word_1_193' title='bbox 880 1628 987 1681; x_wconf 90' lang='lat' dir='ltr'>quod</span> <span class='ocrx_word' id='word_1_194' title='bbox 1030 1628 1182 1669; x_wconf 84' lang='lat' dir='ltr'>diceres</span> <span class='ocrx_word' id='word_1_195' title='bbox 1219 1627 1440 1667; x_wconf 88' lang='lat' dir='ltr'>inuenisse.</span> <span class='ocrx_word' id='word_1_196' title='bbox 1493 1626 1589 1680; x_wconf 87' lang='lat' dir='ltr'>quid</span> <span class='ocrx_word' id='word_1_197' title='bbox 1621 1626 1770 1667; x_wconf 87' lang='lat' dir='ltr'>itidem</span> 
     </span>
     <span class='ocr_line' id='line_1_23' title="bbox 267 1694 1771 1750; baseline -0.002 -12"><span class='ocrx_word' id='word_1_198' title='bbox 267 1698 454 1750; x_wconf 86' lang='lat' dir='ltr'>congruit</span> <span class='ocrx_word' id='word_1_199' title='bbox 496 1697 562 1737; x_wconf 86' lang='lat' dir='ltr'>uel</span> <span class='ocrx_word' id='word_1_200' title='bbox 594 1696 637 1737; x_wconf 92' lang='lat' dir='ltr'>in</span> <span class='ocrx_word' id='word_1_201' title='bbox 679 1695 1002 1749; x_wconf 88' lang='lat' dir='ltr'>disputationem</span> <span class='ocrx_word' id='word_1_202' title='bbox 1045 1707 1193 1736; x_wconf 89' lang='lat' dir='ltr'>uocare</span> <span class='ocrx_word' id='word_1_203' title='bbox 1234 1696 1442 1736; x_wconf 88' lang='lat' dir='ltr'>reticenda</span> <span class='ocrx_word' id='word_1_204' title='bbox 1491 1695 1558 1735; x_wconf 89' lang='lat' dir='ltr'>uel</span> <span class='ocrx_word' id='word_1_205' title='bbox 1599 1694 1771 1735; x_wconf 88' lang='lat' dir='ltr'>reticere</span> 
     </span>
     <span class='ocr_line' id='line_1_24' title="bbox 268 1762 1772 1818; baseline -0.001 -13"><span class='ocrx_word' id='word_1_206' title='bbox 268 1765 510 1818; x_wconf 81' lang='lat' dir='ltr'>proposita?</span> <span class='ocrx_word' id='word_1_207' title='bbox 540 1764 623 1805; x_wconf 90' lang='lat' dir='ltr'>iam</span> <span class='ocrx_word' id='word_1_208' title='bbox 655 1765 704 1805; x_wconf 87' lang='lat' dir='ltr'>de</span> <span class='ocrx_word' id='word_1_209' title='bbox 737 1764 937 1818; x_wconf 86' lang='lat' dir='ltr'>qualitate</span> <span class='ocrx_word' id='word_1_210' title='bbox 965 1764 1245 1805; x_wconf 87' lang='lat' dir='ltr'>controuersia</span> <span class='ocrx_word' id='word_1_211' title='bbox 1281 1776 1360 1804; x_wconf 87' lang='lat' dir='ltr'>non</span> <span class='ocrx_word' id='word_1_212' title='bbox 1383 1763 1473 1815; x_wconf 85' lang='lat' dir='ltr'>erit,</span> <span class='ocrx_word' id='word_1_213' title='bbox 1498 1763 1565 1803; x_wconf 91' lang='lat' dir='ltr'>cui</span> <span class='ocrx_word' id='word_1_214' title='bbox 1586 1762 1772 1804; x_wconf 90' lang='lat' dir='ltr'>animam</span> 
     </span>
     <span class='ocr_line' id='line_1_25' title="bbox 267 1829 1771 1885; baseline -0.002 -11"><span class='ocrx_word' id='word_1_215' title='bbox 267 1834 480 1876; x_wconf 89' lang='lat' dir='ltr'>subiacere</span> <span class='ocrx_word' id='word_1_216' title='bbox 511 1845 591 1874; x_wconf 89' lang='lat' dir='ltr'>non</span> <span class='ocrx_word' id='word_1_217' title='bbox 616 1832 745 1881; x_wconf 88' lang='lat' dir='ltr'>renui,</span> <span class='ocrx_word' id='word_1_218' title='bbox 778 1844 881 1885; x_wconf 91' lang='lat' dir='ltr'>quae</span> <span class='ocrx_word' id='word_1_219' title='bbox 913 1832 1072 1873; x_wconf 87' lang='lat' dir='ltr'>scilicet</span> <span class='ocrx_word' id='word_1_220' title='bbox 1104 1832 1150 1878; x_wconf 89' lang='lat' dir='ltr'>si,</span> <span class='ocrx_word' id='word_1_221' title='bbox 1183 1833 1231 1872; x_wconf 88' lang='lat' dir='ltr'>ut</span> <span class='ocrx_word' id='word_1_222' title='bbox 1263 1831 1522 1884; x_wconf 80' lang='lat' dir='ltr'>quantitatis,</span> <span class='ocrx_word' id='word_1_223' title='bbox 1554 1830 1615 1872; x_wconf 88' lang='lat' dir='ltr'>ita</span> <span class='ocrx_word' id='word_1_224' title='bbox 1646 1829 1771 1871; x_wconf 88' lang='lat' dir='ltr'>etiam</span> 
     </span>
    </p>
   </div>
   <div class='ocr_carea' id='block_1_3' title="bbox 339 1959 1683 2022">
    <p class='ocr_par' dir='ltr' id='par_1_4' title="bbox 339 1959 1683 2022">
     <span class='ocr_line' id='line_1_26' title="bbox 339 1959 1683 2022; baseline 0 -9"><span class='ocrx_word' id='word_1_225' title='bbox 339 1980 357 2014; x_wconf 94' lang='lat' dir='ltr'>l</span> <span class='ocrx_word' id='word_1_226' title='bbox 384 1979 464 2013; x_wconf 75' lang='lat' dir='ltr'>tute</span> <span class='ocrx_word' id='word_1_227' title='bbox 492 1977 526 2013; x_wconf 84' lang='lat' dir='ltr'>G·</span> <span class='ocrx_word' id='word_1_228' title='bbox 657 1959 710 2011; x_wconf 66' lang='lat' dir='ltr'>sfis</span> <span class='ocrx_word' id='word_1_229' title='bbox 737 1983 774 2022; x_wconf 86' lang='lat' dir='ltr'>(g</span> <span class='ocrx_word' id='word_1_230' title='bbox 798 1977 840 2011; x_wconf 71' lang='lat' dir='ltr'>in</span> <span class='ocrx_word' id='word_1_231' title='bbox 862 1980 948 2018; x_wconf 84' lang='lat' dir='ltr'>ras.)</span> <span class='ocrx_word' id='word_1_232' title='bbox 975 1977 1028 2020; x_wconf 89' lang='lat' dir='ltr'>B,</span> <span class='ocrx_word' id='word_1_233' title='bbox 1071 1977 1149 2021; x_wconf 84' lang='lat' dir='ltr'>agis</span> <span class='ocrx_word' id='word_1_234' title='bbox 1175 1977 1212 2012; x_wconf 81' lang='lat' dir='ltr'><em>R</em></span> <span class='ocrx_word' id='word_1_235' title='bbox 1351 1977 1371 2010; x_wconf 86' lang='lat'>2</span> <span class='ocrx_word' id='word_1_236' title='bbox 1397 1978 1510 2022; x_wconf 81' lang='lat' dir='ltr'>stans]</span> <span class='ocrx_word' id='word_1_237' title='bbox 1536 1977 1622 2012; x_wconf 87' lang='lat' dir='ltr'>fiens</span> <span class='ocrx_word' id='word_1_238' title='bbox 1649 1978 1683 2013; x_wconf 85' lang='lat' dir='ltr'>G&#39;·</span> 
     </span>
    </p>
   </div>
   <div class='ocr_carea' id='block_1_4' title="bbox 266 2022 1774 2490">
    <p class='ocr_par' dir='ltr' id='par_1_5' title="bbox 266 2022 1774 2376">
     <span class='ocr_line' id='line_1_27' title="bbox 268 2022 1774 2087; baseline 0 -7"><span class='ocrx_word' id='word_1_239' title='bbox 268 2046 361 2081; x_wconf 70' lang='lat' dir='ltr'>ratio</span> <span class='ocrx_word' id='word_1_240' title='bbox 386 2047 422 2080; x_wconf 82' lang='lat' dir='ltr'><strong><em>A</em></strong></span> <span class='ocrx_word' id='word_1_241' title='bbox 559 2046 581 2080; x_wconf 90' lang='lat'><strong>3</strong></span> <span class='ocrx_word' id='word_1_242' title='bbox 606 2046 636 2080; x_wconf 72' lang='lat' dir='ltr'>si</span> <span class='ocrx_word' id='word_1_243' title='bbox 661 2044 733 2080; x_wconf 85' lang='lat' dir='ltr'>Mb</span> <span class='ocrx_word' id='word_1_244' title='bbox 865 2045 1023 2080; x_wconf 78' lang='lat' dir='ltr'>defertur</span> <span class='ocrx_word' id='word_1_245' title='bbox 1046 2045 1132 2080; x_wconf 46' lang='lat' dir='ltr'>Eas</span> <span class='ocrx_word' id='word_1_246' title='bbox 1153 2045 1243 2087; x_wconf 71' lang='lat' dir='ltr'>Son„</span> <span class='ocrx_word' id='word_1_247' title='bbox 1284 2022 1450 2079; x_wconf 69' lang='lat' dir='ltr'>‹iiffertur</span> <span class='ocrx_word' id='word_1_248' title='bbox 1475 2046 1510 2080; x_wconf 87' lang='lat' dir='ltr'><strong><em>L</em></strong></span> <span class='ocrx_word' id='word_1_249' title='bbox 1637 2028 1774 2080; x_wconf 51' lang='lat' dir='ltr'>inclsssa</span> 
     </span>
     <span class='ocr_line' id='line_1_28' title="bbox 269 2103 1774 2148; baseline -0.001 -9"><span class='ocrx_word' id='word_1_250' title='bbox 269 2104 301 2139; x_wconf 79' lang='lat' dir='ltr'><strong><em>S</em></strong></span> <span class='ocrx_word' id='word_1_251' title='bbox 424 2104 444 2138; x_wconf 84' lang='lat'><strong>7</strong></span> <span class='ocrx_word' id='word_1_252' title='bbox 470 2103 564 2148; x_wconf 88' lang='lat' dir='ltr'>quia]</span> <span class='ocrx_word' id='word_1_253' title='bbox 591 2104 652 2148; x_wconf 88' lang='lat' dir='ltr'>qui</span> <span class='ocrx_word' id='word_1_254' title='bbox 675 2114 701 2148; x_wconf 79' lang='lat' dir='ltr'>p</span> <span class='ocrx_word' id='word_1_255' title='bbox 825 2103 1007 2138; x_wconf 81' lang='lat' dir='ltr'>subiaceat</span> <span class='ocrx_word' id='word_1_256' title='bbox 1032 2103 1082 2137; x_wconf 76' lang='grc' dir='ltr'>Β1</span> <span class='ocrx_word' id='word_1_257' title='bbox 1212 2103 1233 2137; x_wconf 88' lang='grc'><strong>9</strong></span> <span class='ocrx_word' id='word_1_258' title='bbox 1259 2103 1440 2137; x_wconf 78' lang='lat' dir='ltr'>subiaceat</span> <span class='ocrx_word' id='word_1_259' title='bbox 1463 2103 1515 2138; x_wconf 77' lang='grc' dir='ltr'>Βι</span> <span class='ocrx_word' id='word_1_260' title='bbox 1631 2105 1667 2138; x_wconf 79' lang='lat' dir='ltr'>et</span> <span class='ocrx_word' id='word_1_261' title='bbox 1687 2107 1774 2147; x_wconf 74' lang='lat' dir='ltr'>post</span> 
     </span>
     <span class='ocr_line' id='line_1_29' title="bbox 268 2160 1774 2205; baseline 0 -9"><span class='ocrx_word' id='word_1_262' title='bbox 268 2161 427 2196; x_wconf 86' lang='lat' dir='ltr'>subiacet</span> <span class='ocrx_word' id='word_1_263' title='bbox 444 2172 510 2196; x_wconf 88' lang='lat' dir='ltr'>om.</span> <span class='ocrx_word' id='word_1_264' title='bbox 529 2161 613 2196; x_wconf 73' lang='lat' dir='ltr'>libri</span> <span class='ocrx_word' id='word_1_265' title='bbox 624 2164 775 2204; x_wconf 78' lang='lat' dir='ltr'>praeter</span> <span class='ocrx_word' id='word_1_266' title='bbox 792 2161 840 2196; x_wconf 88' lang='lat' dir='ltr'><em>M</em></span> <span class='ocrx_word' id='word_1_267' title='bbox 856 2164 890 2195; x_wconf 78' lang='lat' dir='ltr'>et</span> <span class='ocrx_word' id='word_1_268' title='bbox 907 2160 985 2195; x_wconf 81' lang='lat' dir='ltr'>Sch.</span> <span class='ocrx_word' id='word_1_269' title='bbox 1117 2160 1160 2194; x_wconf 89' lang='grc'>10</span> <span class='ocrx_word' id='word_1_270' title='bbox 1178 2171 1306 2205; x_wconf 86' lang='lat' dir='ltr'>uagare</span> <span class='ocrx_word' id='word_1_271' title='bbox 1323 2160 1360 2196; x_wconf 82' lang='lat' dir='ltr'><em>R</em></span> <span class='ocrx_word' id='word_1_272' title='bbox 1486 2161 1529 2194; x_wconf 89' lang='lat'>11</span> <span class='ocrx_word' id='word_1_273' title='bbox 1546 2161 1654 2205; x_wconf 87' lang='lat' dir='ltr'>moto]</span> <span class='ocrx_word' id='word_1_274' title='bbox 1673 2171 1774 2196; x_wconf 88' lang='lat' dir='ltr'>nemo</span> 
     </span>
     <span class='ocr_line' id='line_1_30' title="bbox 266 2216 1772 2262; baseline 0.001 -11"><span class='ocrx_word' id='word_1_275' title='bbox 266 2216 422 2251; x_wconf 82' lang='lat' dir='ltr'><strong><em>ABDF</em></strong></span> <span class='ocrx_word' id='word_1_276' title='bbox 533 2217 683 2251; x_wconf 86' lang='lat' dir='ltr'>immota</span> <span class='ocrx_word' id='word_1_277' title='bbox 700 2219 746 2261; x_wconf 74' lang='lat'>10²</span> <span class='ocrx_word' id='word_1_278' title='bbox 864 2217 906 2252; x_wconf 79' lang='lat'>12</span> <span class='ocrx_word' id='word_1_279' title='bbox 931 2217 1113 2251; x_wconf 83' lang='lat' dir='ltr'>lacalitate</span> <span class='ocrx_word' id='word_1_280' title='bbox 1138 2217 1174 2253; x_wconf 89' lang='lat' dir='ltr'><em>R</em></span> <span class='ocrx_word' id='word_1_281' title='bbox 1290 2220 1431 2251; x_wconf 84' lang='lat' dir='ltr'>atamen</span> <span class='ocrx_word' id='word_1_282' title='bbox 1455 2217 1490 2251; x_wconf 91' lang='lat' dir='ltr'><strong><em>A</em></strong></span> <span class='ocrx_word' id='word_1_283' title='bbox 1606 2218 1650 2252; x_wconf 86' lang='lat'>14</span> <span class='ocrx_word' id='word_1_284' title='bbox 1674 2228 1772 2262; x_wconf 86' lang='lat' dir='ltr'>prae·</span> 
     </span>
     <span class='ocr_line' id='line_1_31' title="bbox 267 2274 1774 2320; baseline 0.001 -12"><span class='ocrx_word' id='word_1_285' title='bbox 267 2284 385 2308; x_wconf 83' lang='lat' dir='ltr'>seram</span> <span class='ocrx_word' id='word_1_286' title='bbox 403 2274 448 2315; x_wconf 89' lang='lat' dir='ltr'>B,</span> <span class='ocrx_word' id='word_1_287' title='bbox 481 2274 659 2318; x_wconf 84' lang='lat' dir='ltr'>praesenti</span> <span class='ocrx_word' id='word_1_288' title='bbox 676 2274 724 2309; x_wconf 88' lang='lat' dir='ltr'><strong><em>M</em></strong></span> <span class='ocrx_word' id='word_1_289' title='bbox 739 2278 844 2315; x_wconf 83' lang='lat' dir='ltr'>(corr.</span> <span class='ocrx_word' id='word_1_290' title='bbox 861 2275 903 2309; x_wconf 76' lang='lat' dir='ltr'>in</span> <span class='ocrx_word' id='word_1_291' title='bbox 919 2277 1045 2320; x_wconf 72' lang='lat' dir='ltr'>marq.)</span> <span class='ocrx_word' id='word_1_292' title='bbox 1064 2274 1229 2316; x_wconf 78' lang='lat' dir='ltr'>editores,</span> <span class='ocrx_word' id='word_1_293' title='bbox 1262 2276 1338 2308; x_wconf 86' lang='lat' dir='ltr'>erat</span> <span class='ocrx_word' id='word_1_294' title='bbox 1356 2285 1516 2319; x_wconf 86' lang='lat' dir='ltr'>praesens</span> <span class='ocrx_word' id='word_1_295' title='bbox 1533 2274 1583 2317; x_wconf 85' lang='lat' dir='ltr'>D,</span> <span class='ocrx_word' id='word_1_296' title='bbox 1613 2285 1774 2319; x_wconf 86' lang='lat' dir='ltr'>praesens</span> 
     </span>
     <span class='ocr_line' id='line_1_32' title="bbox 269 2331 1684 2376; baseline 0.001 -10"><span class='ocrx_word' id='word_1_297' title='bbox 269 2334 346 2366; x_wconf 72' lang='lat' dir='ltr'>erat</span> <span class='ocrx_word' id='word_1_298' title='bbox 362 2331 439 2366; x_wconf 79' lang='lat' dir='ltr'>EF</span> <span class='ocrx_word' id='word_1_299' title='bbox 527 2341 589 2365; x_wconf 88' lang='lat' dir='ltr'>nec</span> <span class='ocrx_word' id='word_1_300' title='bbox 605 2331 679 2366; x_wconf 88' lang='lat' dir='ltr'>Mb</span> <span class='ocrx_word' id='word_1_301' title='bbox 779 2331 823 2366; x_wconf 87' lang='lat'>15</span> <span class='ocrx_word' id='word_1_302' title='bbox 840 2331 980 2366; x_wconf 85' lang='lat' dir='ltr'>adserto</span> <span class='ocrx_word' id='word_1_303' title='bbox 998 2332 1034 2367; x_wconf 84' lang='lat' dir='ltr'><em>R</em></span> <span class='ocrx_word' id='word_1_304' title='bbox 1135 2332 1177 2366; x_wconf 89' lang='grc'>16</span> <span class='ocrx_word' id='word_1_305' title='bbox 1193 2332 1376 2376; x_wconf 81' lang='lat' dir='ltr'>pspicuam</span> <span class='ocrx_word' id='word_1_306' title='bbox 1391 2331 1447 2373; x_wconf 87' lang='lat' dir='ltr'>M,</span> <span class='ocrx_word' id='word_1_307' title='bbox 1473 2331 1630 2375; x_wconf 84' lang='lat' dir='ltr'>spicuam</span> <span class='ocrx_word' id='word_1_308' title='bbox 1647 2332 1684 2367; x_wconf 81' lang='lat' dir='ltr'><em>R</em></span> 
     </span>
    </p>

    <p class='ocr_par' dir='ltr' id='par_1_6' title="bbox 268 2387 1773 2490">
     <span class='ocr_line' id='line_1_33' title="bbox 268 2387 1773 2433; baseline 0 -9"><span class='ocrx_word' id='word_1_309' title='bbox 268 2389 422 2424; x_wconf 90' lang='lat' dir='ltr'>mentire</span> <span class='ocrx_word' id='word_1_310' title='bbox 446 2388 483 2424; x_wconf 84' lang='lat' dir='ltr'><strong><em>R</em></strong></span> <span class='ocrx_word' id='word_1_311' title='bbox 607 2387 649 2423; x_wconf 86' lang='lat'>17</span> <span class='ocrx_word' id='word_1_312' title='bbox 674 2388 839 2433; x_wconf 70' lang='lat' dir='ltr'>quantita</span> <span class='ocrx_word' id='word_1_313' title='bbox 862 2389 898 2422; x_wconf 88' lang='lat' dir='ltr'><strong><em>A</em></strong></span> <span class='ocrx_word' id='word_1_314' title='bbox 1017 2388 1058 2423; x_wconf 87' lang='lat'>19</span> <span class='ocrx_word' id='word_1_315' title='bbox 1084 2388 1172 2422; x_wconf 87' lang='lat' dir='ltr'>satis</span> <span class='ocrx_word' id='word_1_316' title='bbox 1198 2388 1347 2432; x_wconf 81' lang='lat' dir='ltr'>constet]</span> <span class='ocrx_word' id='word_1_317' title='bbox 1374 2390 1446 2422; x_wconf 83' lang='lat' dir='ltr'>stet</span> <span class='ocrx_word' id='word_1_318' title='bbox 1470 2388 1506 2423; x_wconf 82' lang='lat' dir='ltr'><em>R</em></span> <span class='ocrx_word' id='word_1_319' title='bbox 1621 2400 1665 2423; x_wconf 92' lang='lat' dir='ltr'>ne</span> <span class='ocrx_word' id='word_1_320' title='bbox 1689 2391 1773 2424; x_wconf 75' lang='lat' dir='ltr'>nffin</span> 
     </span>
     <span class='ocr_line' id='line_1_34' title="bbox 270 2444 1683 2490; baseline 0.001 -9"><span class='ocrx_word' id='word_1_321' title='bbox 270 2446 333 2488; x_wconf 90' lang='lat' dir='ltr'>M,</span> <span class='ocrx_word' id='word_1_322' title='bbox 374 2446 550 2480; x_wconf 87' lang='lat' dir='ltr'>neminem</span> <span class='ocrx_word' id='word_1_323' title='bbox 575 2446 596 2480; x_wconf 88' lang='lat' dir='ltr'><strong><em>b</em></strong></span> <span class='ocrx_word' id='word_1_324' title='bbox 722 2445 878 2490; x_wconf 86' lang='lat' dir='ltr'>proferre</span> <span class='ocrx_word' id='word_1_325' title='bbox 902 2445 939 2481; x_wconf 81' lang='lat' dir='ltr'><strong><em>R</em></strong></span> <span class='ocrx_word' id='word_1_326' title='bbox 1069 2446 1115 2480; x_wconf 86' lang='lat'>20</span> <span class='ocrx_word' id='word_1_327' title='bbox 1139 2455 1221 2490; x_wconf 85' lang='lat' dir='ltr'>ergo</span> <span class='ocrx_word' id='word_1_328' title='bbox 1246 2444 1374 2489; x_wconf 85' lang='lat' dir='ltr'>magis]</span> <span class='ocrx_word' id='word_1_329' title='bbox 1401 2445 1494 2479; x_wconf 89' lang='lat' dir='ltr'>enim</span> <span class='ocrx_word' id='word_1_330' title='bbox 1520 2457 1622 2490; x_wconf 86' lang='lat' dir='ltr'>mage</span> <span class='ocrx_word' id='word_1_331' title='bbox 1649 2446 1683 2482; x_wconf 77' lang='lat' dir='ltr'><strong><em>G</em></strong></span> 
     </span>
    </p>
   </div>
   <div class='ocr_carea' id='block_1_5' title="bbox 269 2496 1776 2785">
    <p class='ocr_par' dir='ltr' id='par_1_7' title="bbox 269 2496 1776 2785">
     <span class='ocr_line' id='line_1_35' title="bbox 269 2496 1683 2558; baseline 0 -10"><span class='ocrx_word' id='word_1_332' title='bbox 269 2514 406 2548; x_wconf 84' lang='lat' dir='ltr'>noluise</span> <span class='ocrx_word' id='word_1_333' title='bbox 423 2525 469 2549; x_wconf 77' lang='lat' dir='ltr'>ex</span> <span class='ocrx_word' id='word_1_334' title='bbox 486 2514 643 2549; x_wconf 84' lang='lat' dir='ltr'>uoluisse</span> <span class='ocrx_word' id='word_1_335' title='bbox 667 2514 730 2557; x_wconf 88' lang='lat' dir='ltr'>M,</span> <span class='ocrx_word' id='word_1_336' title='bbox 767 2514 920 2548; x_wconf 87' lang='lat' dir='ltr'>uoluisse</span> <span class='ocrx_word' id='word_1_337' title='bbox 944 2514 964 2548; x_wconf 84' lang='lat' dir='ltr'><em>b</em></span> <span class='ocrx_word' id='word_1_338' title='bbox 1080 2496 1194 2549; x_wconf 69' lang='lat' dir='ltr'>oablitu</span> <span class='ocrx_word' id='word_1_339' title='bbox 1222 2513 1251 2548; x_wconf 78' lang='lat' dir='ltr'><strong><em>S</em></strong></span> <span class='ocrx_word' id='word_1_340' title='bbox 1360 2514 1403 2548; x_wconf 80' lang='lat'>21</span> <span class='ocrx_word' id='word_1_341' title='bbox 1431 2513 1530 2558; x_wconf 87' lang='lat' dir='ltr'>quid]</span> <span class='ocrx_word' id='word_1_342' title='bbox 1558 2525 1619 2548; x_wconf 91' lang='lat' dir='ltr'>cur</span> <span class='ocrx_word' id='word_1_343' title='bbox 1639 2516 1683 2558; x_wconf 56' lang='grc' dir='ltr'>ΡΞ</span> 
     </span>
     <span class='ocr_line' id='line_1_36' title="bbox 270 2569 1776 2614; baseline 0 -9"><span class='ocrx_word' id='word_1_344' title='bbox 270 2570 403 2606; x_wconf 84' lang='lat' dir='ltr'>ididem</span> <span class='ocrx_word' id='word_1_345' title='bbox 427 2571 584 2614; x_wconf 88' lang='lat' dir='ltr'><strong><em>AH¹M,</em></strong></span> <span class='ocrx_word' id='word_1_346' title='bbox 623 2571 661 2605; x_wconf 90' lang='lat' dir='ltr'>id</span> <span class='ocrx_word' id='word_1_347' title='bbox 684 2570 810 2605; x_wconf 76' lang='lat' dir='ltr'>itidem</span> <span class='ocrx_word' id='word_1_348' title='bbox 834 2572 879 2614; x_wconf 82' lang='lat'>1⁰²</span> <span class='ocrx_word' id='word_1_349' title='bbox 1017 2570 1061 2604; x_wconf 83' lang='lat'>22</span> <span class='ocrx_word' id='word_1_350' title='bbox 1093 2570 1278 2605; x_wconf 86' lang='lat' dir='ltr'>redicenda</span> <span class='ocrx_word' id='word_1_351' title='bbox 1308 2569 1584 2612; x_wconf 81' lang='lat' dir='ltr'>BDE¹FH¹R,</span> <span class='ocrx_word' id='word_1_352' title='bbox 1626 2570 1776 2605; x_wconf 83' lang='lat' dir='ltr'>dicenda</span> 
     </span>
     <span class='ocr_line' id='line_1_37' title="bbox 271 2626 1775 2668; baseline 0 -6"><span class='ocrx_word' id='word_1_353' title='bbox 271 2626 352 2662; x_wconf 81' lang='lat' dir='ltr'>Sch.</span> <span class='ocrx_word' id='word_1_354' title='bbox 489 2627 535 2662; x_wconf 84' lang='lat'>23</span> <span class='ocrx_word' id='word_1_355' title='bbox 570 2628 729 2662; x_wconf 81' lang='lat' dir='ltr'>animum</span> <span class='ocrx_word' id='word_1_356' title='bbox 764 2627 971 2662; x_wconf 83' lang='lat' dir='ltr'><strong><em>ABDE²F</em></strong></span> <span class='ocrx_word' id='word_1_357' title='bbox 1112 2627 1157 2662; x_wconf 83' lang='lat'>24</span> <span class='ocrx_word' id='word_1_358' title='bbox 1192 2627 1292 2660; x_wconf 85' lang='lat' dir='ltr'>renui</span> <span class='ocrx_word' id='word_1_359' title='bbox 1328 2626 1480 2667; x_wconf 64' lang='lat' dir='ltr'>E&#39;GM,</span> <span class='ocrx_word' id='word_1_360' title='bbox 1520 2627 1663 2661; x_wconf 84' lang='lat' dir='ltr'>rennuit</span> <span class='ocrx_word' id='word_1_361' title='bbox 1703 2627 1775 2668; x_wconf 80' lang='lat' dir='ltr'>CR,</span> 
     </span>
     <span class='ocr_line' id='line_1_38' title="bbox 272 2683 1684 2730; baseline 0 -12"><span class='ocrx_word' id='word_1_362' title='bbox 272 2684 392 2719; x_wconf 82' lang='lat' dir='ltr'>renuit</span> <span class='ocrx_word' id='word_1_363' title='bbox 426 2685 503 2719; x_wconf 82' lang='lat' dir='ltr'>rell.</span> <span class='ocrx_word' id='word_1_364' title='bbox 529 2689 563 2719; x_wconf 84' lang='lat' dir='ltr'>et</span> <span class='ocrx_word' id='word_1_365' title='bbox 588 2685 669 2720; x_wconf 66' lang='grc' dir='ltr'>Βοὴ.</span> <span class='ocrx_word' id='word_1_366' title='bbox 815 2685 913 2730; x_wconf 85' lang='lat' dir='ltr'>quae]</span> <span class='ocrx_word' id='word_1_367' title='bbox 953 2685 983 2719; x_wconf 89' lang='lat' dir='ltr'>si</span> <span class='ocrx_word' id='word_1_368' title='bbox 1019 2684 1104 2719; x_wconf 85' lang='lat' dir='ltr'>add.</span> <span class='ocrx_word' id='word_1_369' title='bbox 1141 2684 1227 2719; x_wconf 76' lang='lat' dir='ltr'>libri</span> <span class='ocrx_word' id='word_1_370' title='bbox 1257 2687 1406 2728; x_wconf 75' lang='lat' dir='ltr'>praeter</span> <span class='ocrx_word' id='word_1_371' title='bbox 1441 2683 1524 2718; x_wconf 85' lang='lat' dir='ltr'>AM</span> <span class='ocrx_word' id='word_1_372' title='bbox 1548 2687 1580 2719; x_wconf 83' lang='lat' dir='ltr'>et</span> <span class='ocrx_word' id='word_1_373' title='bbox 1606 2683 1684 2719; x_wconf 69' lang='grc' dir='ltr'>Βοὴ,</span> 
     </span>
     <span class='ocr_line' id='line_1_39' title="bbox 269 2740 980 2785; baseline 0 -10"><span class='ocrx_word' id='word_1_374' title='bbox 269 2741 377 2775; x_wconf 84' lang='lat' dir='ltr'>sicuti</span> <span class='ocrx_word' id='word_1_375' title='bbox 402 2740 486 2775; x_wconf 75' lang='lat' dir='ltr'>libri</span> <span class='ocrx_word' id='word_1_376' title='bbox 505 2745 656 2785; x_wconf 76' lang='lat' dir='ltr'>praeter</span> <span class='ocrx_word' id='word_1_377' title='bbox 679 2742 740 2784; x_wconf 91' lang='lat' dir='ltr'>M,</span> <span class='ocrx_word' id='word_1_378' title='bbox 781 2742 874 2776; x_wconf 88' lang='lat' dir='ltr'>sicut</span> <span class='ocrx_word' id='word_1_379' title='bbox 900 2741 980 2777; x_wconf 77' lang='lat' dir='ltr'>Sch.</span> 
     </span>
    </p>
   </div>
  </div>
 </body>
</html>
