1884 2998
280 138 361 181 178
795 136 1042 172 Claudiani
1066 137 1272 172 Mamerti

278 275 402 316 quam
433 261 545 311 fecit,
576 273 651 303 nec
681 261 752 303 ille
773 261 886 303 aliud
916 274 959 303 se
988 263 1123 316 potest
1144 274 1261 304 nosse
1292 275 1416 316 quam
1453 263 1586 305 factus
1609 264 1685 305 est.
1729 276 1776 306 ac

277 344 349 387 per
369 331 446 374 hoc
476 330 511 372 si
531 342 676 372 uerum
698 330 828 381 nouit,
852 343 945 372 cum
967 343 1009 372 se
1038 331 1320 385 incorporeum
1342 333 1472 382 nouit,
1498 343 1594 385 ergo
1616 332 1779 374 fallitur

276 400 391 453 deus,
431 399 467 441 si
498 398 685 441 animum
724 399 795 452 qui
825 412 921 441 uere
962 400 1225 452 incorporeus
1262 403 1323 442 est
1357 412 1595 453 corporeum
1638 402 1774 443 nouit:

277 468 348 509 sed
380 467 472 509 falli
501 467 601 509 deus
633 478 714 508 non
743 468 893 520 potest,
935 468 1219 522 incorporeum
1257 469 1387 522 igitur
1418 480 1507 511 esse
1538 469 1654 510 nouit
1685 469 1776 511 ani-

275 547 404 584 mum,
436 547 487 577 ne
518 534 673 577 falsum
704 536 761 576 sit
791 548 950 585 uerum,
983 548 1061 589 quo
1091 548 1134 578 se
1164 536 1327 578 animus
1358 537 1559 578 ueraciter
1587 538 1775 590 incorpo-
1807 550 1823 576 5

276 615 393 645 reum
423 603 551 646 nouit.
602 604 864 657 incorporeus
895 616 991 658 ergo
1022 606 1182 647 animus
1208 606 1357 647 idcirco
1388 605 1468 647 sibi
1500 608 1576 655 est,
1609 604 1705 659 quia
1736 607 1778 647 et

275 672 464 714 creatori.
517 671 624 714 sicut
664 673 775 714 enim
815 673 927 714 'terra
965 673 1117 715 idcirco
1158 673 1316 715 homini
1352 673 1474 724 terra,
1506 674 1601 727 quia
1631 674 1672 714 et
1703 674 1777 715 deo

275 742 385 782 terra
415 741 489 791 est,
523 741 564 782 et
594 740 702 783 sicut
734 752 839 794 aqua
870 754 939 783 aer
964 743 1005 783 et
1034 741 1143 794 ignis
1179 741 1331 784 idcirco
1363 742 1439 783 hoc
1462 741 1599 796 ipsum
1620 741 1777 782 homini

275 810 385 859 sunt,
407 808 506 862 quia
536 809 577 850 et
606 809 741 862 ipsum
783 809 858 851 deo
889 812 999 860 sunt,
1037 813 1077 852 et
1108 810 1234 852 sicuti
1274 810 1413 852 omnia
1442 822 1544 863 quae
1573 810 1778 851 ueraciter

274 878 490 920 innotuere
520 878 677 920 homini
715 878 791 921 hoc
829 881 928 920 sunt
957 878 1000 920 in
1030 879 1212 921 hominis
1242 879 1404 929 notitia,
1437 879 1544 932 quod
1575 880 1685 926 sunt,
1716 879 1777 919 ita
1790 892 1824 917 ιο

275 946 434 989 scilicet
473 946 679 988 humanus
719 946 883 988 animus
924 959 1187 1001 nequaquam
1222 948 1361 1001 potest
1390 950 1432 989 et
1464 947 1586 989 aliter
1617 959 1702 988 esse
1736 948 1777 988 et

273 1014 398 1056 aliter
428 1015 502 1056 deo
533 1014 655 1055 notus
688 1026 787 1056 esse.
840 1027 920 1057 non
952 1015 1062 1056 enim
1092 1029 1139 1057 ex
1167 1028 1305 1057 rerum
1326 1016 1479 1057 notitia
1500 1017 1563 1057 est
1584 1015 1777 1057 creatoris

275 1082 460 1133 scientia,
499 1084 570 1125 sed
611 1082 831 1125 existentia
875 1096 1016 1124 rerum
1057 1096 1104 1125 ex
1135 1084 1285 1126 notitia
1325 1085 1534 1126 creatoris.
1587 1085 1777 1137 quocirca

274 1151 481 1193 humanus
522 1150 685 1193 animus
725 1152 805 1193 nisi
836 1152 910 1193 deo
941 1152 1202 1206 incorporeus
1240 1155 1361 1201 esset,
1393 1154 1657 1205 incorporeus
1690 1164 1778 1194 esse

274 1232 356 1262 non
399 1220 551 1273 posset.
602 1219 803 1273 quidquid
852 1220 962 1261 enim
1000 1232 1162 1274 quoquo
1213 1222 1333 1262 modo
1373 1220 1658 1273 incorporeum
1700 1221 1776 1271 est,
1791 1233 1824 1258 15

274 1288 389 1330 nullo
434 1290 553 1330 modo
592 1291 730 1341 potest
770 1300 857 1329 esse
897 1299 1149 1341 corporeum.
1198 1288 1269 1330 sed
1299 1301 1349 1330 ne
1380 1288 1477 1331 istic
1513 1301 1636 1342 supra
1665 1288 1777 1329 iusto

274 1355 430 1398 diutius
461 1357 725 1406 inmoremur,
757 1356 855 1399 cedo
886 1355 1012 1398 etiam
1044 1357 1094 1398 de
1123 1355 1197 1398 illo
1229 1368 1488 1410 quaeramus,
1523 1358 1630 1410 quod
1661 1356 1777 1398 nulla

274 1436 320 1467 ex
350 1427 466 1479 parte
494 1424 775 1468 discussimus.

957 1569 1092 1625 XIH.

273 1686 398 1726 QVOD
428 1687 490 1716 EX
519 1685 701 1717 DVABVS
731 1684 1018 1717 SVBSTANT'IIS
1049 1685 1249 1717 OONSTAT
1275 1685 1404 1716 HOMO
1435 1685 1691 1716 INMORTALI
1721 1686 1777 1715 ET
1790 1690 1825 1715 20

272 1754 490 1786 INLOCALI
519 1754 666 1785 ANIMA
695 1755 753 1784 ΕΤ
782 1754 987 1785 MORTALI
1016 1754 1074 1784 ΕΤ
1102 1753 1270 1785 LOCALI
1301 1753 1522 1793 CORPORE,
1553 1754 1611 1784 ET
1632 1753 1779 1784 SICVTI

273 1823 617 1854 INMORTALITER
646 1822 794 1853 ANIMA
831 1823 1045 1862 PATITVR,
1087 1822 1155 1853 SIC
1184 1822 1528 1852 INMORTALITER
1557 1823 1615 1852 ET
1646 1822 1776 1852 INLO·

772 1891 968 1922 CALITER
1004 1891 1277 1921 GLORIATVR.

331 1971 444 2014 Dicis
467 1972 641 2014 etenim:
665 1984 776 2013 cum
806 1972 957 2014 uerbi
987 1972 1161 2025 gratia
1191 1971 1336 2013 Petri
1368 1971 1456 2012 uel
1487 1970 1641 2012 Pauli
1673 1970 1775 2012 sibi

274 2041 499 2093 speciem
554 2040 756 2081 animus
814 2039 959 2081 intra
1016 2040 1208 2081 mentis
1268 2052 1462 2082 arcana
1512 2037 1822 2092 depingit,2⁵

274 2108 522 2161 numquid
554 2109 734 2151 statim
765 2108 988 2150 intimas
1018 2109 1252 2163 paradisi
1274 2109 1424 2150 sedes
1445 2107 1532 2150 ubi
1555 2119 1638 2149 eos
1662 2118 1775 2148 esse

410 2231 455 2265 24
480 2231 523 2266 cf.
548 2242 629 2276 pag.
657 2232 709 2273 11,
736 2232 780 2266 14

343 2344 363 2377 1
387 2343 463 2389 ille]
489 2344 564 2388 ipse
592 2343 626 2379 G
763 2344 784 2378 2
817 2343 860 2389 si]
886 2354 922 2378 se
950 2354 979 2388 p
1118 2345 1139 2379 6
1170 2343 1231 2389 qui
1260 2344 1297 2379 R
1435 2343 1454 2377 7
1479 2344 1586 2387 terra]
1613 2345 1667 2377 est
1690 2342 1776 2377 add.

269 2403 314 2445 10²
434 2401 456 2435 8
480 2401 556 2445 ipso
588 2401 618 2436 G
739 2402 760 2436 9
785 2402 853 2445 ipsi
878 2402 913 2436 A
1029 2401 1121 2436 sicut
1145 2402 1181 2437 R
1297 2401 1476 2435 ueracitur
1499 2400 1535 2435 R
1655 2401 1698 2434 10
1722 2402 1776 2433 in-

273 2460 371 2491 tuere
398 2457 426 2493 C
551 2458 712 2492 homines
736 2457 773 2493 R
899 2460 987 2503 quot
1011 2458 1046 2493 R
1178 2459 1219 2493 11
1245 2458 1435 2502 humanus]
1463 2458 1618 2491 hominis
1638 2458 1685 2501 12²

275 2515 318 2549 12
338 2517 443 2549 natus
468 2516 539 2550 AB
654 2516 806 2550 creatori
831 2516 868 2551 R
985 2517 1028 2551 14
1044 2516 1210 2550 humanis
1227 2516 1264 2551 A
1387 2516 1430 2550 15
1447 2515 1561 2559 possit
1582 2515 1657 2549 CM
1663 2515 1682 2548 b

274 2582 342 2616 quo
367 2572 402 2607 R
524 2574 566 2608 16
590 2584 652 2608 nec
675 2573 831 2615 ABDF,
872 2573 908 2607 in
929 2575 972 2618 1⁰²
1094 2575 1166 2608 ista
1190 2574 1280 2615 Mb,
1320 2574 1400 2607 istis
1418 2583 1447 2617 p
1465 2572 1544 2607 Sch.
1670 2581 1776 2615 supra

275 2629 429 2664 Bao-thio
461 2634 663 2674 suspectum
800 2631 896 2665 iusta
922 2631 969 2675 10²
1107 2632 1149 2665 17
1180 2631 1262 2666 cedo
1294 2630 1448 2665 Barthio
1481 2632 1685 2673 suspectum

274 2687 310 2719 et
334 2687 404 2720 iam
429 2686 511 2721 DM
537 2687 691 2722 editores
806 2687 926 2732 etiam]
952 2689 988 2722 et
1012 2688 1098 2724 add.
1124 2688 1161 2723 R
1279 2687 1324 2721 24
1348 2687 1444 2721 enim
1469 2686 1536 2721 C'G
1651 2686 1695 2720 25
1720 2696 1774 2719 ar-

272 2742 384 2776 chana
407 2742 513 2777 ARS
645 2744 689 2778 26
714 2755 789 2778 0330
814 2755 880 2780 om.
907 2744 937 2779 S
