1884 2998
634 125 692 160 De
717 126 842 160 statu
866 126 1039 162 animae
1069 127 1088 162 Ι
1115 128 1149 162 4.
1583 131 1636 173 37

139 251 276 305 potius
307 251 500 293 ueritatis
530 251 815 293 testimonium
847 252 890 293 in
920 252 1196 306 patrocinium
1224 254 1420 297 falsitatis
1443 255 1637 300 adsumi?

142 319 339 373 quoniam
369 319 405 362 si
436 319 534 374 quid
564 319 687 362 huius
720 319 843 370 modi,
885 320 992 362 sicut
1032 332 1153 375 supra
1193 322 1380 374 diximus,
1412 324 1455 365 in
1485 323 1637 367 diuinis

141 388 422 430 uoluminibus
460 389 682 442 inuenitur,
723 387 775 429 ad
805 387 1009 430 unitatem
1040 401 1237 442 personae
1268 391 1527 433 referendum
1558 394 1637 447 est,

141 459 237 511 quia
279 457 390 499 sicut
431 456 569 499 anima
610 456 652 497 et
692 468 840 509 corpus
883 468 930 497 ex
971 456 1134 499 diuersa
1173 457 1410 501 substantia
1439 472 1545 502 unus
1576 460 1640 503 est

112 539 129 565 5
142 526 276 577 homo,
301 525 362 567 ita
382 528 482 568 deus
505 525 546 567 et
567 524 687 566 homo
710 537 756 567 ex
777 525 942 567 diuersa
966 524 1201 568 substantia
1221 539 1327 569 unus
1351 529 1416 569 est
1435 527 1636 572 Christus,

141 607 186 636 ac
225 607 296 648 per
326 595 404 637 hoc
443 606 537 636 cum
568 594 623 635 sit
660 607 765 636 unus
797 606 843 635 ex
873 594 1038 636 diuersa
1069 594 1316 648 substantia,
1347 595 1434 649 ipsc
1463 609 1506 638 se
1537 609 1638 650 quo-

142 664 234 705 dam
277 664 397 706 modo
437 663 555 716 petit,
595 664 683 716 ipse
723 675 764 705 se
800 663 978 716 quodam
1015 665 1135 705 modo
1174 676 1247 716 pro
1293 663 1411 706 nobis
1462 665 1638 707 exaudit.

141 732 358 774 innumera
396 733 496 773 sunt
535 743 638 785 quae
676 743 800 785 super
832 731 908 773 hoc
947 731 1027 773 dici
1067 732 1420 785 promptissimum
1450 732 1518 784 sit,
1568 734 1640 776 sed

142 801 340 853 quoniam
369 812 449 842 non
482 800 675 854 inpendio
709 800 938 843 emolienda
969 801 1079 854 sunt,
1111 812 1214 854 quae
1245 813 1316 855 per
1345 813 1387 843 se
1411 801 1639 854 labascunt,

95 882 128 907 10
141 871 183 911 in
214 869 546 924 praesentiarum
578 869 628 910 de
659 869 722 911 his
754 870 836 910 ista
867 868 1085 911 sufficiant.

838 1004 947 1057 IIII.

434 1129 607 1161 ABHINC
639 1131 699 1160 DE
732 1131 873 1161 STATV
909 1130 1085 1161 ANIMAE
1115 1130 1350 1161 DISPVTAT.

200 1222 343 1265 Status
383 1235 492 1265 nunc
539 1223 703 1265 animae
746 1224 965 1276 humanae,
1013 1223 1089 1265 hoc
1128 1225 1190 1265 est
1234 1222 1430 1278 imaginis
1475 1223 1642 1266 diuinae

141 1293 315 1334 uocatur
345 1291 389 1333 in
420 1292 606 1335 dubium.
657 1292 758 1334 haec
801 1305 948 1346 nempe
981 1292 1043 1334 est
1074 1292 1200 1334 tertia
1233 1292 1305 1334 illa
1337 1292 1530 1345 quaesti0‚
1563 1305 1642 1347 qua

96 1384 129 1411 15
142 1362 221 1403 iste
280 1360 537 1403 necessarius
596 1373 714 1403 meus
775 1359 1140 1403 discernendarum
1199 1362 1439 1403 naturarum
1499 1372 1641 1403 causas

142 1430 355 1484 ingressus
386 1428 582 1483 spiritum
611 1429 726 1471 uitae
759 1441 904 1483 corpus
944 1441 1029 1471 esse
1067 1429 1309 1482 pronuntiat
1349 1428 1567 1471 adstruens
1597 1441 1641 1471 se

142 1510 265 1552 super
309 1498 384 1539 hoc
428 1497 735 1551 praeiudicatae
780 1498 1043 1540 auctoritatis
1090 1499 1256 1550 patrum
1299 1497 1405 1539 scita
1448 1496 1642 1551 proferre,

143 1580 244 1621 quos
275 1566 442 1620 quidem
482 1579 564 1608 non
595 1567 683 1608 tarn
720 1566 880 1619 aliquid
911 1565 991 1607 sibi
1023 1568 1218 1620 perceptu
1248 1566 1398 1607 mentis
1430 1565 1641 1618 cognitum

145 1634 349 1686 definisse,
383 1645 507 1688 quam
539 1633 744 1686 quaedam
775 1632 959 1686 opinatos
990 1631 1118 1674 fuisse
1139 1634 1443 1674 commemorat.
1476 1634 1518 1675 et
1548 1634 1642 1687 quia

96 1726 132 1753 20
143 1704 244 1758 ipse,
266 1703 470 1757 quantum
492 1701 689 1755 loquitur,
708 1714 790 1744 non
811 1701 897 1743 tam
916 1700 1112 1755 probatae
1132 1700 1285 1743 rationi
1302 1701 1374 1743 aut
1390 1700 1641 1745 intemeran-

144 1775 218 1815 dae
264 1771 515 1823 auctoritati,
563 1771 635 1813 sed
680 1771 887 1813 humanae
932 1770 1065 1824 magis
1113 1770 1294 1823 opinioni
1341 1771 1556 1820 concessit,
1599 1771 1642 1812 id

143 1841 318 1895 inpenso
364 1853 485 1895 opere
529 1840 692 1894 nititur,
741 1840 788 1881 ut
829 1840 968 1893 spreta
1006 1838 1254 1881 auctoritate
1299 1838 1451 1891 diuina,
1492 1839 1642 1882 omissa

145 1922 306 1964 quoque
351 1910 513 1953 ratione
565 1909 796 1964 perspicua,
844 1907 995 1950 clausis
1042 1910 1088 1949 ut
1138 1908 1255 1949 aiunt
1300 1906 1430 1949 oculis
1476 1906 1643 1949 sibimet

145 1980 442 2022 adsentiamur.

99 2070 133 2097 25
203 2043 461 2102 Quicumque
500 2048 550 2089 de
583 2048 656 2089 deo
696 2046 901 2088 ueraciter
940 2058 986 2087 ac
1023 2044 1089 2098 pie
1128 2044 1325 2094 sentiunt,
1367 2042 1472 2085 nihil
1509 2044 1560 2086 ab
1596 2054 1642 2085 eo

216 2208 232 2242 1
271 2207 391 2252 potius
427 2207 522 2251 falso
559 2208 762 2251 suspectum
800 2204 955 2240 Barthio
1093 2201 1329 2247 patronicium
1371 2201 1400 2237 G
1534 2201 1555 2235 3
1591 2200 1644 2234 in-

144 2265 307 2300 uenietur
339 2265 412 2300 Mb
550 2263 794 2309 perferendum
825 2261 960 2303 AB¹F‚
1002 2260 1249 2305 proferendum
1279 2259 1355 2294 DP
1486 2258 1509 2292 4
1538 2256 1644 2291 unius

144 2323 181 2359 R
298 2323 318 2358 7
344 2323 392 2368 se]
419 2328 438 2357 ἓ
461 2322 523 2366 Μ,
560 2320 660 2356 uncle
677 2322 732 2355 est
749 2321 810 2364 qui
835 2320 855 2355 b
966 2318 1058 2363 quod
1075 2316 1223 2352 admodo
1249 2315 1285 2351 R
1308 2319 1461 2359 utroque
1478 2314 1552 2349 loeo

145 2381 167 2416 9
200 2379 422 2416 demolienda
454 2380 547 2415 coni.
574 2378 743 2413 Schottus
880 2376 925 2411 10
957 2376 1013 2410 his
1045 2385 1110 2410 om.
1141 2373 1214 2408 Mb
1351 2370 1529 2406 sufficient
1560 2368 1645 2404 libri

140 2441 292 2483 praeter
323 2426 496 2480 B²E²M‚
538 2435 724 2470 sullficient
755 2433 791 2469 R
932 2431 974 2466 14
1005 2442 1094 2476 quae
1122 2430 1183 2471 13¹,
1225 2438 1330 2473 quam
1362 2427 1424 2467 B2,
1465 2437 1531 2471 que
1561 2425 1642 2468 EF,

145 2495 230 2541 quia
255 2494 414 2536 CMRb,
455 2493 549 2538 quod
573 2493 612 2528 D
753 2491 795 2526 18
824 2490 969 2535 quidam
990 2490 1034 2533 p²
1171 2486 1335 2530 preceptu
1366 2483 1453 2519 CM¹
1590 2483 1643 2516 in·

145 2554 338 2588 temeratae
363 2552 383 2587 b
512 2551 553 2586 21
582 2551 618 2584 in
644 2554 726 2584 ante
751 2548 788 2582 id
812 2546 896 2582 add.
926 2546 959 2582 G
1083 2544 1126 2579 23
1150 2543 1294 2588 §spicua
1318 2541 1394 2575 HL
1516 2540 1561 2574 24
1584 2539 1645 2574 ad-

145 2621 349 2656 sentiantur
386 2621 464 2663 Gb,
506 2607 747 2654 adsensiamur
780 2617 810 2653 S
944 2616 988 2651 25
1020 2616 1058 2649 at
1082 2617 1167 2648 ante
1191 2611 1400 2656 quicumque
1425 2607 1510 2644 add.
1534 2607 1554 2642 b

146 2679 310 2714 senciunt
333 2678 387 2721 M,
424 2677 603 2713 sensciunt
629 2676 673 2718 F,
710 2675 803 2710 sensi
821 2674 904 2708 sunt
929 2671 1114 2711 BCHLS,
1153 2668 1244 2703 sensi
1263 2668 1352 2702 llunt
1376 2666 1422 2708 R,
1459 2664 1642 2699 senserunt

146 2739 181 2773 A
199 2737 278 2773 Sch.
