1884 2998
629 8 687 42 De
712 7 839 41 statu
864 6 1038 41 animae
1062 5 1081 41 I
1105 6 1161 41 21.
1593 6 1649 49 75

144 134 205 176 sic
233 136 387 184 tamen,
428 133 464 175 si
502 133 639 187 ipsum
669 145 815 186 corpus
855 131 1149 174 conuenienter
1189 132 1404 174 elementis
1434 132 1647 187 analogice

141 202 457 245 concinentibus
497 202 622 255 probe
662 201 811 251 ualeat,
858 202 906 242 ut
946 200 1115 242 nutibus
1162 198 1324 242 animae
1370 201 1646 243 consentaneo

139 270 336 312 motionis
378 270 596 312 concordet
636 269 843 322 obsequio.
892 281 971 322 quo
1011 268 1133 310 modo
1174 270 1314 309 autem
1353 268 1401 309 fit
1430 270 1479 311 ut
1508 268 1647 312 anima

141 340 284 381 eodem
316 340 421 380 nutu
446 350 592 380 sanum
622 337 919 390 infirmumque
956 335 1191 378 membrum
1219 335 1472 389 dispariliter
1502 349 1645 379 moue-

110 409 216 449 ⁵at?
256 418 349 449 ecce
389 407 462 449 ille
500 407 641 448 laeuae
673 418 818 448 manus
849 405 992 460 uigore
1022 405 1148 455 ualet,
1182 416 1306 446 usum
1336 404 1526 448 dexterae
1556 405 1644 448 ictu

139 474 188 517 ut
219 475 380 517 adsolet
420 474 604 517 humoris
645 475 804 516 amisit:
845 486 994 516 manus
1024 473 1183 526 reliquo
1215 473 1439 515 adhaerens
1470 474 1643 527 corpori,

140 543 219 584 etsi
266 555 346 584 non
391 543 435 585 in
483 545 625 586 eodem
665 543 819 597 uigore,
866 542 911 584 in
950 542 1095 585 eadem
1132 545 1348 595 permanet
1383 542 1529 597 specie,
1571 555 1646 585 nec

139 614 280 653 tamen
326 612 456 653 seruit
500 611 669 654 nutibus
715 613 888 654 animae.
944 611 1042 664 quid
1086 610 1285 661 dicemus,
1336 611 1456 663 pulsa
1501 611 1645 654 exinde

139 679 327 722 localiter
368 682 491 722 cessit
522 681 692 723 anima?
724 683 765 723 et
807 692 886 734 quo
927 679 1042 733 abiit,
1083 692 1162 733 quo
1193 679 1289 721 inde
1321 679 1543 722 discessit?
1573 681 1645 722 sed

91 768 126 792 10
140 747 248 790 forte
287 749 340 790 ad
378 748 582 802 reliquam
625 750 788 801 partem
835 748 898 790 sui
938 760 981 790 se
1020 746 1221 789 contulit:
1269 748 1341 790 sed
1387 748 1471 790 iam
1510 751 1645 791 totum

139 828 285 869 corpus
326 817 512 870 inplebat
547 817 698 866 anima,
739 819 781 858 et
810 816 949 870 potest
997 816 1104 858 adici
1144 816 1265 870 pleno
1299 817 1513 871 quippiam
1544 817 1644 871 quin

139 884 399 939 superfluat?
431 897 525 940 ergo
559 885 749 928 fortassis
787 886 1062 928 exhalandum
1100 887 1162 927 est
1193 885 1351 939 aliquid
1382 887 1545 928 animae
1575 886 1645 928 uel

140 953 441 995 eructuandum
473 956 545 995 aut
577 965 737 1008 quoquo
768 953 888 996 modo
920 953 1195 1008 digerendum
1227 966 1272 996 eo
1305 955 1413 1008 quod
1435 966 1515 996 non
1535 955 1646 996 inte-

139 1033 262 1075 grum
293 1034 436 1075 corpus
467 1034 550 1063 non
579 1022 787 1074 integram
817 1023 955 1076 capiat
985 1021 1183 1064 animam.
1230 1023 1330 1065 haec
1361 1025 1469 1065 certe
1490 1022 1644 1076 absque

92 1111 126 1136 15
139 1090 332 1144 ambiguo
364 1091 556 1144 consequi
585 1103 750 1133 necesse
772 1093 846 1143 est,
878 1090 914 1132 si
935 1103 1079 1145 corpus
1100 1094 1161 1133 est
1184 1091 1335 1133 anima.
1385 1091 1491 1145 quod
1513 1103 1642 1146 quon-

139 1160 223 1201 iam
263 1159 351 1200 fieri
391 1171 652 1214 nequaquam
691 1162 842 1213 potest,
886 1159 992 1201 illud
1033 1159 1172 1214 potius
1216 1160 1376 1202 intuere
1423 1160 1532 1213 quod
1562 1172 1645 1202 non

139 1227 279 1269 anima
308 1227 541 1280 imperandi
573 1229 657 1270 uim
688 1228 883 1281 perdidit,
915 1227 986 1270 sed
1007 1228 1117 1270 uires
1137 1228 1347 1271 seruiendi
1368 1241 1516 1271 manus
1538 1229 1645 1270 ami-

138 1296 208 1338 sit.
253 1295 325 1337 illo
357 1296 469 1338 enim
500 1298 547 1338 ut
577 1301 678 1350 puta
709 1296 926 1351 sanguinis
965 1296 1110 1350 inpetu
1147 1296 1431 1339 coniuentium
1462 1297 1643 1339 elemen-

138 1366 275 1406 torum
307 1363 523 1406 harmonia
553 1364 721 1407 turbata
748 1365 904 1418 corpori
927 1365 1126 1407 adimitur
1146 1365 1352 1407 seruiendi
1373 1365 1643 1420 possibilitas,

92 1435 181 1478 zoet
221 1434 356 1475 animo
397 1433 636 1475 dominandi
677 1434 830 1476 accidit
870 1434 1096 1476 difficultas
1138 1437 1180 1476 et
1219 1435 1366 1489 incipit
1405 1446 1492 1476 esse
1533 1434 1645 1476 oneri

140 1501 248 1555 quod
279 1503 366 1543 erat
396 1503 502 1544 usui.
548 1514 627 1543 non
659 1503 801 1544 tamen
833 1502 973 1544 anima
1005 1502 1197 1544 mouendi
1228 1502 1317 1544 uim
1346 1503 1538 1557 perdidit,
1572 1503 1645 1545 sed

139 1570 373 1612 membrum
414 1572 706 1612 conuenienter
747 1583 790 1612 se
829 1571 1083 1613 necessariae
1116 1570 1292 1613 motioni
1323 1584 1406 1613 non
1437 1570 1644 1625 praebuit,

139 1639 182 1680 et
211 1638 253 1679 in
286 1638 472 1692 quolibet
503 1640 633 1681 oculis
656 1641 786 1692 capto,
811 1642 1012 1692 quantum
1035 1640 1087 1681 ad
1110 1640 1292 1681 animam
1314 1642 1487 1693 spectat,
1510 1654 1644 1683 rema-

139 1709 211 1748 net
234 1707 297 1748 uis
321 1707 488 1750 uidendi
511 1709 733 1762 corporalia
753 1720 826 1762 per
847 1720 1005 1762 corpus,
1038 1710 1108 1750 sed
1130 1709 1274 1763 organi
1295 1708 1483 1752 membra
1504 1709 1645 1751 defici-

207 1855 229 1888 2
261 1854 527 1889 continentibus
559 1856 595 1889 A
733 1855 786 1900 ut]
820 1857 855 1889 et
888 1856 924 1891 R
943 1855 1021 1890 Βοὴ.
1162 1855 1319 1890 motibus
1350 1856 1387 1891 R
1524 1856 1546 1891 3
1576 1867 1645 1902 quo

138 1911 255 1956 modo]
283 1912 344 1955 qui
373 1911 407 1946 G
539 1912 589 1946 sit
614 1913 656 1946 ut
679 1911 725 1953 R,
768 1912 859 1946 sicut
880 1923 908 1956 p
1046 1913 1069 1947 5
1093 1912 1234 1947 dextrae
1258 1913 1414 1948 editores
1544 1913 1645 1949 hictu

144 1968 266 2010 OHR,
307 1968 403 2003 iactu
434 1970 471 2003 A
609 1970 630 2004 6
665 1969 822 2004 humeris
854 1969 890 2004 R
1028 1970 1148 2014 aliquo
1177 1970 1210 2005 G
1349 1970 1492 2006 aderens
1517 1971 1554 2007 R

140 2026 160 2060 7
193 2026 325 2060 nonin
351 2037 417 2061 om.
438 2036 466 2070 p
605 2027 626 2061 8
663 2026 813 2061 dicimus
854 2026 888 2062 G
1026 2027 1047 2062 9
1083 2027 1175 2071 quod
1211 2027 1294 2061 inde
1330 2027 1404 2063 Mb
1544 2029 1583 2064 11
1610 2030 1647 2064 et

143 2083 233 2126 CM,
273 2093 335 2117 nec
367 2083 443 2118 rell.
473 2086 506 2118 et
530 2083 664 2126 bSch.‚
705 2094 775 2118 non
805 2085 847 2128 ρ’
986 2083 1048 2128 qui
1085 2084 1123 2118 in
1161 2084 1198 2119 R
1339 2085 1381 2119 12
1417 2085 1645 2130 supereffluat

133 2142 181 2186 μ’
314 2141 357 2176 13
380 2141 612 2176 eructandum
637 2142 673 2176 A
690 2141 846 2177 editores
976 2152 1044 2185 quo
1070 2141 1173 2176 modo
1197 2141 1432 2178 BCDE¹FR
1558 2144 1645 2178 diri-

138 2198 294 2243 gendum
333 2199 419 2235 GM
563 2199 604 2233 17
641 2199 801 2244 prodidit
836 2199 1052 2235 BOHLRS
1191 2199 1234 2234 18
1271 2200 1513 2235 coniuentium
1550 2201 1645 2245 MR,

621 2257 633 2283 1
646 2255 840 2282 coniuentium

139 2291 405 2325 conniuentium
443 2290 540 2333 Sch.‚
582 2290 873 2325 conuenientium
909 2291 962 2331 Ε,
1002 2291 1228 2326 conuentium
1265 2291 1338 2333 CG,
1377 2291 1645 2327 conuiuentium

138 2347 259 2390 HLS,
285 2349 572 2383 conuenientium
591 2348 769 2382 ABDFb
903 2348 945 2382 19
962 2348 1186 2382 adimittitur
1202 2349 1255 2391 R,
1281 2348 1490 2383 admittitur
1509 2350 1554 2393 1⁰²

139 2426 185 2461 20
213 2427 341 2462 accidit
376 2428 473 2470 GM,
513 2404 643 2471 accipit
679 2427 725 2468 G,
773 2427 910 2462 accedit
946 2428 1025 2463 rell.
1061 2431 1095 2463 et
1132 2427 1211 2464 Sela.
1384 2428 1426 2463 21
1464 2429 1525 2463 sed
1562 2429 1644 2472 Mb,

139 2484 170 2518 si
194 2484 271 2519 rell.
298 2488 333 2519 et
357 2484 437 2520 Sch.
577 2485 622 2519 23
646 2486 806 2529 expectat
830 2484 867 2520 R
1005 2485 1050 2519 24
1075 2485 1220 2519 uiuendi
1245 2485 1281 2519 A
1412 2496 1545 2530 organa
1567 2487 1645 2521 AD

139 2540 250 2576 EFP
269 2541 366 2583 Βοὴ..
410 2542 553 2586 organis
582 2542 616 2577 G
747 2541 906 2576 membra
931 2542 1020 2584 Mb,
1046 2542 1287 2577 membrorum
1312 2542 1391 2577 rell.
1415 2546 1448 2578 et
1473 2542 1550 2579 Sch.

139 2619 302 2655 deficitur
332 2621 373 2664 G,
416 2604 584 2657 defitiunt
610 2621 640 2657 S
