1884 2998
283 138 383 167 XXII

285 251 333 300 si,
375 249 622 302 quantulum
661 248 824 291 differat
865 248 1086 291 amittendi
1129 260 1207 290 uox
1239 260 1264 290 a
1304 248 1542 291 dimittendi
1573 250 1711 305 uerbo,
1742 250 1785 292 et

284 318 556 360 conclusionis
577 317 858 360 antecedentis
879 330 951 359 nec
974 317 1199 368 amittitur,
1223 317 1333 369 quod
1351 329 1436 358 non
1458 319 1617 359 tenetur
1637 318 1786 360 simili-

281 385 426 427 tudine
456 386 674 428 librarium
705 399 786 428 non
815 387 918 428 satis
949 386 1159 427 attentum
1191 386 1408 439 deceptum
1439 398 1526 427 esse
1553 386 1784 428 considera-

280 467 387 496 mus,
410 478 465 484 —
487 455 555 509 73,
592 455 644 496 10
674 454 885 496 elementis
915 466 1022 506 quae
1050 453 1255 495 moderate
1285 453 1518 506 musiceque
1546 454 1595 495 in
1625 454 1786 495 arboris

278 522 373 562 uita
421 523 539 576 (MR,
578 523 716 563 uitam
745 522 851 576 rell.)
891 522 974 563 sibi
1008 521 1255 563 concinunt:
1297 521 1519 563 lectionem
1557 522 1709 564 codicis
1739 521 1784 562 M

279 591 501 632 accedente
542 591 639 632 libri
670 591 706 631 R
737 590 978 632 testimonio
1017 590 1119 631 satis
1158 589 1368 630 firmatam
1398 603 1485 631 esse
1517 589 1784 640 crederemus,

278 658 358 700 nisi
389 660 436 699 ut
456 658 710 711 reliquorum
735 659 936 700 librorum
958 658 1177 699 lectionem
1198 669 1470 710 sequeremur,
1493 658 1598 699 alter
1620 657 1783 699 Claudi-

280 728 347 768 ani
378 728 492 768 locus
525 727 716 767 suaderet
750 727 844 775 180,
867 727 895 768 4
908 738 991 779 pro
1012 726 1316 777 elementorum,
1339 739 1446 778 quae
1465 725 1546 766 sibi
1565 726 1622 767 in
1641 725 1783 767 illud

278 796 594 845 concinuerant,
625 795 883 837 diuersitate.
906 819 961 825 —-
986 795 1052 847 73,
1082 794 1135 836 15
1166 797 1326 835 constat
1355 806 1516 835 omnem
1545 795 1683 835 uitam
1711 808 1787 836 nee

278 863 473 905 localiter
503 863 715 925 ahscedere
747 877 774 904 a
805 877 969 916 corpore
1008 896 1017 905 .
1037 898 1046 906 .
1084 876 1158 904 nec
1189 862 1379 904 localiter
1409 863 1574 916 corpori
1617 863 1697 916 (M,
1729 862 1786 904 ad

277 967 426 1007 corpus
457 953 511 1004 G,
554 926 750 1007 coriar'lR,
791 966 939 1006 corpus
969 955 1078 1007 rell.)
1112 953 1324 995 accedere:
1368 954 1586 995 lectionem
1620 966 1782 1006 corpus,

277 1035 400 1076 quam
439 1035 532 1064 cum
571 1036 651 1065 non
689 1022 982 1077 intellegerent
1022 1022 1057 1064 G
1101 1023 1145 1064 in
1186 1024 1244 1064 ad
1281 1035 1444 1075 corpus,
1489 1022 1546 1064 Β2
1577 1024 1616 1064 et
1656 1022 1702 1063 M
1740 1024 1782 1064 in

276 1091 441 1144 corpori
484 1092 765 1145 mutauerant,
808 1091 1033 1145 genuinam
1082 1104 1169 1133 esse
1219 1091 1263 1132 hi
1310 1092 1458 1132 docent
1498 1091 1588 1144 loci,
1635 1091 1783 1144 quibus

276 1159 465 1202 accedere
507 1172 601 1201 cum
647 1160 885 1201 accusatiuo
933 1159 1197 1201 coniunctum
1243 1160 1465 1213 reperitur:
1517 1159 1585 1210 24,
1631 1160 1683 1200 14
1711 1158 1785 1200 ubi

276 1229 485 1281 reliquum
534 1227 722 1269 lectionis
770 1228 935 1279 accessi,
1000 1229 1094 1279 170,
1144 1230 1193 1269 11
1241 1227 1329 1269 loca
1374 1227 1650 1269 beatitudinis
1698 1240 1786 1268 non

277 1297 469 1351 accessit,
525 1297 618 1347 180,
667 1297 693 1338 5
739 1296 910 1338 animus
953 1309 1041 1338 non
1088 1296 1249 1338 accedit
1291 1296 1484 1349 inferna,
1532 1298 1573 1337 et
1617 1297 1651 1338 si
1698 1309 1783 1338 om-

275 1365 371 1406 nino
417 1365 645 1406 mutatione
690 1377 790 1417 opus
831 1366 952 1416 esset,
999 1364 1149 1406 codicis
1195 1363 1232 1406 G
1280 1364 1487 1417 scriptura
1530 1364 1588 1405 ad
1633 1377 1784 1417 corpus

275 1434 544 1487 praeferenda
584 1435 707 1484 esset,
747 1445 840 1475 cum
880 1433 1046 1487 legatur
1086 1433 1213 1475 etiam
1252 1433 1347 1484 154,
1382 1434 1434 1475 13
1465 1445 1692 1485 rursusque
1724 1432 1781 1475 ad

276 1514 424 1554 corpus
455 1502 686 1544 accesserit.
722 1529 768 1535 -
807 1502 874 1556 76,
910 1503 962 1544 15
992 1515 1096 1543 num
1133 1501 1293 1554 aliquis
1325 1501 1586 1544 cantilenae.
1606 1536 1615 1545 .
1655 1514 1784 1544 canor

273 1570 365 1613 illic
402 1571 576 1612 insonat
605 1573 681 1612 aut
711 1570 995 1612 euanescentis
1029 1569 1292 1624 fraylantiae
1331 1570 1527 1612 suauitas
1558 1570 1677 1611 halat
1707 1574 1783 1612 aut

274 1639 443 1692 aliquid
478 1639 574 1680 istic
605 1638 896 1692 corpulentum
925 1639 1043 1691 sapit
1079 1641 1154 1680 aut
1184 1638 1351 1692 aliquid
1379 1638 1499 1681 molle
1528 1638 1596 1681 uel
1626 1639 1782 1680 durum

274 1706 461 1749 localiter
504 1707 677 1761 tanyit?
720 1706 794 1760 (M,
828 1707 1020 1760 tanyitur
1050 1707 1180 1761 rell.):
1229 1720 1322 1749 cum
1367 1708 1543 1750 formam
1590 1709 1781 1759 actiuam,

276 1776 426 1830 quippe
472 1788 574 1829 quae
620 1776 737 1818 nobis
777 1787 801 1816 a
841 1776 1041 1830 scriptore
1082 1778 1250 1829 propter
1288 1776 1447 1830 reliqua
1483 1778 1607 1818 uerba
1646 1777 1782 1818 actiua

274 1844 464 1896 insonat,
504 1844 648 1894 halat,
693 1844 806 1896 sapit
849 1843 1040 1885 adhibita
1086 1857 1172 1885 esse
1218 1844 1450 1895 uideretur,
1499 1846 1779 1895 scriberemus,

275 1913 511 1955 subiectum
542 1912 772 1954 intellectus
802 1915 942 1954 mente
974 1912 1251 1966 supplendum
1291 1913 1361 1954 uel
1400 1913 1527 1955 etiam
1568 1926 1614 1955 ex
1654 1913 1778 1954 molle

275 1981 524 2024 eliciendum
568 1994 655 2023 esse
700 1980 852 2037 mo<lle
882 1980 977 2036 i)lle
1016 1982 1296 2034 opinabamur.
1348 1982 1419 2023 sed
1464 1982 1547 2023 iam
1585 1982 1778 2035 tanyitur

276 2050 539 2093 scribendum
571 2062 658 2092 esse
689 2049 859 2092 confido.
891 2073 947 2080 —
978 2050 1045 2100 79,
1081 2049 1132 2091 16
1165 2050 1341 2091 eandem
1372 2051 1518 2104 scripsi
1550 2063 1643 2092 cum
1674 2052 1718 2092 M
1740 2053 1781 2091 et

277 2119 445 2162 Schotto
491 2130 563 2171 pro
609 2117 786 2159 eundem
825 2120 1008 2172 respecto
1050 2119 1264 2160 enuntiato
1301 2119 1570 2172 praecedente
1615 2119 1687 2160 lin.
1727 2120 1782 2161 10

282 2189 462 2241 (corpus)
498 2187 711 2241 adyrauat
741 2186 936 2228 animam
967 2187 1207 2240 occupando
1239 2200 1345 2237 eam,
1378 2187 1448 2229 sed
1479 2200 1571 2229 cum
1602 2187 1646 2229 in
1675 2187 1779 2241 ipso,

277 2256 325 2298 de
371 2269 450 2309 quo
481 2256 657 2311 agimus,
695 2256 910 2297 enuntiato
950 2257 1081 2297 exstet
1122 2255 1292 2297 animus
1328 2258 1569 2308 occupatur,
1609 2259 1778 2310 propter

275 2325 480 2367 adiectam
502 2325 734 2379 pronomini
755 2325 962 2379 syllabam
984 2350 1040 2355 —
1060 2325 1154 2366 dein
1175 2326 1216 2366 in
1240 2326 1413 2367 eundem
1438 2326 1777 2378 acquiescendum

276 2396 351 2436 est.
387 2419 435 2426 —
460 2394 528 2446 94,
563 2394 615 2436 19
640 2392 829 2446 loquitur
858 2393 972 2434 enim
1002 2393 1170 2435 silentio
1192 2393 1267 2449 (M,
1292 2394 1342 2434 in
1362 2393 1529 2434 silentio
1549 2395 1652 2444 rell.)
1672 2391 1779 2434 milii

274 2462 458 2504 ueritas:
502 2462 551 2503 in
595 2461 683 2504 siue
728 2463 822 2515 post
862 2462 1151 2516 compendium
1193 2463 1470 2504 antecedentis
1508 2463 1621 2504 uocis
1666 2462 1779 2503 enim

275 2531 500 2583 intercidit,
533 2531 622 2572 siue
653 2530 837 2572 consulto
869 2544 893 2573 a
922 2530 1097 2573 librario
1119 2531 1271 2573 codicis
1292 2531 1339 2572 M
1361 2531 1561 2573 omissum
1582 2532 1659 2581 est,
1681 2542 1778 2572 con-

275 2599 467 2640 firmatur
497 2599 627 2640 simili
656 2598 796 2652 phrasi
826 2599 875 2640 in
904 2599 1093 2650 ueritate,
1126 2612 1208 2653 qua
1247 2601 1380 2642 utitur
1404 2598 1652 2642 Claudianus
1683 2599 1776 2651 113,

278 2668 344 2709 14.
380 2667 474 2716 177,
506 2667 544 2708 6.
578 2691 632 2699 --
662 2667 937 2710 difficillimus
969 2669 1081 2710 locus
1118 2668 1180 2710 est
1211 2667 1278 2720 95,
1322 2669 1374 2711 16
1405 2668 1518 2710 intro
1548 2669 1709 2722 inspice
1738 2670 1778 2709 te

275 2736 324 2777 de
364 2738 401 2776 te
430 2735 540 2787 ipsa,
572 2748 594 2776 ο
625 2734 818 2777 humana
860 2736 1020 2789 anima,
1052 2739 1089 2778 et
1120 2739 1156 2779 te
1192 2738 1245 2791 (te
1275 2749 1354 2779 om.
1386 2736 1486 2779 libri
1517 2740 1680 2790 praeter
1709 2737 1770 2791 M)
