1884 2998
620 92 680 127 De
703 93 829 128 statu
853 92 1029 129 animae
1058 93 1078 130 1
1102 95 1135 130 1.
1571 97 1627 140 23

129 216 262 259 multo
319 215 548 258 maximum
607 215 809 270 longeque
858 217 1125 271 periculosius
1174 220 1328 263 crimen
1377 222 1460 271 est,
1518 223 1626 276 quod

130 284 356 327 catholicae
395 283 564 326 sanitati
603 284 816 337 opiniones
854 285 1042 327 inimicas
1081 287 1211 329 stulte
1244 289 1493 342 concipiunt,
1523 303 1628 333 uane

130 353 359 407 proferunt.
401 352 573 407 superbe
612 351 846 403 adstruunt,
894 364 987 394 cum
1027 355 1260 396 temeritate
1298 357 1493 408 scribunt,
1534 371 1628 400 cum

130 421 359 464 intentione
396 421 635 470 defendunt,
687 420 729 461 et
749 421 941 474 quoniam
967 421 1207 465 humanitus
1227 435 1299 476 per
1318 423 1627 477 inprudentiam

104 490 238 543 ,elapsi
269 492 379 542 sunt,
412 489 575 544 eligunt
606 488 802 530 audaciae
823 489 990 542 culpam
1011 502 1108 532 suae
1130 490 1334 543 peruicaci
1356 492 1629 536 obstinatione

131 558 361 609 defendere,
411 571 461 600 ne
509 557 729 599 uideantur
773 557 960 611 potuisse
1003 570 1184 612 peccare.
1235 560 1294 601 ita
1338 560 1447 602 enim
1491 563 1628 614 palam

130 628 359 669 sententias
392 638 488 668 suas
520 626 755 676 adstruunt,
788 627 837 667 ut
866 625 975 667 clam
1007 626 1139 668 nihilo
1175 627 1314 670 minus
1360 629 1628 672 mussitantes

130 694 432 738 blandimentis
462 693 794 736 lenocinantibus
819 694 986 749 ignaros
1007 707 1144 737 rerum
1165 696 1306 738 sedulo
1327 697 1558 750 precentur,
1583 700 1631 740 ut

132 776 231 806 suae
261 762 525 818 potissimum
558 762 791 804 sententiae
814 762 1096 815 adquiescant,
1134 763 1304 805 sibimet
1326 764 1629 809 adsentiantur:

84 833 237 875 1oillud
276 833 366 874 ueri
402 832 584 885 plenum,
616 831 724 872 illud
764 843 852 872 esse
888 831 1163 883 salutiferum,
1196 834 1301 886 quod
1331 833 1410 885 ipsi
1441 833 1627 886 doceant,

132 902 259 943 etiam
291 900 509 942 deierando
531 899 790 941 confirmant.
838 899 873 940 si
895 899 1190 942 auctoritatem
1213 912 1397 954 quaeras,
1421 901 1630 943 subiciunt

131 968 253 1011 istius
297 968 409 1010 modi
455 979 675 1010 causarum
720 969 877 1009 secreta
921 968 1026 1009 adiri
1070 981 1326 1022 nequaquam
1372 981 1502 1023 posse,
1548 971 1629 1013 nisi

132 1037 410 1080 subtilissima
439 1049 579 1078 rerum
614 1036 874 1089 indagatrice
903 1037 1074 1078 ratione.
1126 1037 1162 1079 si
1194 1039 1364 1079 eandem
1394 1040 1437 1080 in
1458 1039 1630 1081 articulo

130 1118 334 1159 reposcaS,
378 1106 564 1148 adiciunt
602 1105 843 1148 auctoritati
882 1106 1019 1159 potius
1063 1108 1249 1159 oportere
1290 1108 1468 1158 concedi,
1499 1120 1632 1161 neque

85 1194 117 1218 ιε»
131 1175 441 1229 naufragiosum
473 1175 642 1228 propter
674 1177 1016 1229 argumentorum
1048 1174 1224 1217 latentes
1256 1176 1454 1228 quosdam
1485 1188 1631 1229 scopu-

131 1243 193 1285 los
224 1243 396 1299 pelagus
430 1242 728 1297 disputationis
758 1245 924 1285 intrare.
978 1242 1037 1284 ita
1066 1245 1310 1285 auctoritate
1340 1244 1555 1295 rationem,
1585 1248 1633 1286 ut

132 1312 421 1354 auctoritatem
454 1312 619 1354 obiectu
650 1312 824 1354 rationis
860 1312 1032 1354 eludunt
1064 1314 1104 1353 et
1135 1313 1310 1366 utroque
1342 1313 1487 1354 horum
1517 1313 1569 1354 ad
1589 1313 1631 1355 id

129 1381 318 1434 utuntur,
365 1382 412 1422 ut
458 1381 606 1423 neutro
651 1381 839 1422 utantur.
898 1383 942 1422 at
1002 1381 1036 1421 si
1076 1381 1240 1422 eosdem
1284 1381 1406 1434 paulo
1445 1380 1630 1422 strictius

129 1451 268 1491 artum
306 1449 599 1502 disputationis
636 1449 836 1500 includat,
876 1448 995 1490 aiunt
1035 1449 1232 1502 quosdam
1264 1462 1349 1491 esse
1379 1452 1625 1499 sanctorum,

84 1517 279 1573 eoquibus
309 1517 482 1560 huiusce
512 1517 623 1560 modi
654 1518 710 1560 sit
739 1517 988 1559 facillimum
1019 1519 1176 1559 soluere
1207 1517 1479 1571 quaestiones,
1513 1530 1556 1559 se
1578 1519 1629 1560 ab

132 1587 267 1629 aliena
297 1586 431 1641 magis
461 1585 707 1629 auctoritate
737 1587 926 1640 pendere,
959 1586 1067 1628 illud
1098 1599 1140 1628 se
1169 1588 1357 1638 maxime,
1389 1588 1494 1639 quod
1525 1586 1629 1628 alius

131 1655 323 1707 sanxerit,
355 1667 443 1697 esse
483 1657 707 1698 secuturos.
761 1655 859 1697 haec
898 1654 991 1709 quis
1022 1655 1130 1697 ferat
1168 1656 1335 1708 ulloque
1376 1655 1474 1696 ferri
1510 1656 1629 1708 pacto

131 1737 247 1778 posse
286 1724 455 1776 iudicet,
501 1725 717 1767 hominum
763 1724 999 1778 quempiam
1040 1727 1079 1765 et
1118 1723 1291 1765 infitiari
1331 1723 1549 1765 scientiam
1589 1726 1630 1764 et

131 1792 344 1835 uindicare
376 1793 622 1848 doctrinam,
659 1793 840 1848 cogitata
869 1805 954 1844 sua,
979 1792 1014 1834 si
1036 1792 1239 1834 discussor
1260 1792 1380 1845 absit,
1405 1793 1627 1842 adstruere,

201 1985 221 2019 1
246 1985 452 2030 maximum]
478 1988 516 2020 et
539 1985 623 2020 add.
650 1985 671 2020 b
785 1985 889 2030 longe
914 1985 963 2019 M
1071 1983 1287 2028 pericliosius
1315 1984 1349 2019 G
1474 1984 1497 2017 4
1521 1993 1630 2027 praua

131 2057 219 2089 ante
255 2054 455 2088 intentione
490 2054 619 2088 inserit
653 2064 679 2098 p
821 2054 843 2088 5
878 2053 1061 2087 audaciam
1097 2051 1257 2094 DEFP,
1305 2050 1469 2106 audaciae
1503 2050 1538 2085 B

131 2123 257 2167 culpae
288 2122 478 2158 BDEFP
615 2132 699 2156 suae
723 2122 908 2167 peruicaci]
935 2121 1153 2165 superuicaci
1184 2121 1258 2156 Mb
1395 2120 1416 2154 7
1448 2120 1541 2154 nihil
1565 2119 1630 2154 ho-

130 2202 249 2237 minus
281 2202 319 2238 R
455 2202 669 2236 musitantes
697 2201 952 2244 ABGHMR,
992 2182 1180 2236 musita'tes
1205 2200 1233 2236 S
1369 2201 1408 2235 11
1442 2200 1628 2236 deierando

101 2282 103 2284 -
130 2260 321 2302 Barthius,
354 2260 542 2295 delerando
558 2259 815 2302 ABGHMR,
848 2259 1028 2294 delirando
1045 2258 1372 2294 DEFGH2880h.
1486 2259 1527 2292 15
1544 2269 1627 2292 nau-

129 2317 315 2362 fragosum
340 2318 398 2361 12²,
438 2316 706 2372 naufragiosum
739 2316 769 2351 S
902 2317 1058 2361 propter]
1083 2316 1176 2350 inter
1207 2315 1365 2358 DEFP,
1407 2325 1471 2349 om.
1501 2315 1538 2349 B

131 2391 291 2426 latantes
314 2391 351 2427 R
484 2392 527 2426 16
552 2392 682 2425 intrari
710 2391 744 2426 G
875 2390 1111 2425 auctoritates!
1142 2390 1171 2425 G
1303 2390 1342 2423 17
1368 2389 1543 2424 obiectum
1574 2389 1626 2430 0²,

132 2454 272 2488 abiectu
295 2453 333 2489 R
470 2455 513 2489 18
537 2454 582 2488 ad
605 2453 642 2489 R
779 2454 906 2498 paulus
930 2453 986 2496 B,
1026 2463 1093 2488 om.
1116 2452 1190 2487 HS
1324 2452 1367 2486 19
1391 2453 1486 2486 artos
1510 2451 1627 2496 dispu-

132 2516 290 2551 taciones
325 2516 513 2552 includant
549 2517 638 2558 Mb,
680 2526 773 2551 corr.
810 2516 872 2550 M²
906 2516 948 2550 in
977 2526 1091 2560 wzary.
1229 2514 1273 2548 22
1307 2524 1380 2548 esse
1415 2524 1481 2548 om.
1518 2514 1538 2547 b

132 2580 381 2614 consecuturos
411 2579 431 2615 b
571 2579 632 2624 qui
663 2580 783 2623 sperat
813 2578 921 2613 ABR
1056 2577 1188 2621 illoque
1213 2576 1299 2611 libri
1317 2579 1467 2620 praeter
1493 2576 1527 2611 G
1550 2580 1584 2611 et
1607 2576 1627 2611 b

134 2641 227 2684 Sola,
264 2642 383 2678 ulloue
407 2643 599 2678 Hartelius
715 2642 760 2676 23
785 2641 929 2686 iudicet]
956 2640 1120 2675 uidelicet
1147 2639 1194 2674 G¹
1310 2638 1466 2673 inficiare
1492 2639 1539 2672 M

134 2704 180 2738 24
204 2704 391 2739 uendicare
418 2705 448 2740 S
579 2704 758 2739 discursor
782 2705 818 2740 R
956 2701 1147 2746 adstruere]
1174 2703 1210 2735 et
1234 2700 1318 2736 add.
1347 2700 1381 2736 G
