1884 2998
242 121 359 150 XVIII

239 233 360 275 modo
391 232 496 274 alter
526 232 640 274 locus
673 232 939 286 explicandus
970 233 1033 273 est
1055 231 1123 282 95,
1149 231 1175 273 2
1197 231 1299 284 quia
1319 232 1426 273 sicut
1450 233 1522 287 (M,
1545 233 1608 276 sic
1630 233 1740 287 rell.)

240 302 297 343 ad
326 300 464 350 illum,
495 301 563 342 eui
593 299 784 353 loqueris,
817 300 984 354 accedit,
1016 299 1081 340 ita
1106 299 1178 352 (M,
1209 299 1318 352 quod
1339 299 1450 356 rell.)
1483 315 1511 343 a
1542 304 1580 342 te
1600 302 1744 355 utique

238 358 325 410 non
355 368 514 420 recedit,
546 368 619 410 ubi
651 368 859 411 sententia
879 369 921 410 in
942 367 1059 409 libris
1080 369 1246 421 praeter
1268 368 1314 410 M
1344 370 1455 411 reete
1479 369 1633 412 tradita
1655 382 1743 412 esse

238 437 423 491 putanda
452 437 526 489 est,
558 437 679 478 modo
710 435 1046 489 quod—recedit
1077 448 1121 477 ex
1153 434 1370 478 Claudiani
1401 438 1563 480 dicendi
1594 451 1742 492 genere

239 518 312 559 pro
343 507 389 546 ut
421 529 476 535 —-
506 505 670 546 recedat
710 505 871 546 dietum
902 516 986 545 esse
1016 504 1249 546 statuamus
1284 505 1350 558 (of.
1384 506 1512 547 etiam
1543 506 1741 560 Paueke1·‚

239 574 559 616 subrelictorum
579 574 655 614 lex.
678 573 751 614 lat.
775 573 1026 614 serutarium
1047 584 1087 625 p.
1110 572 1166 614 24
1187 574 1354 626 adnot.).
1381 597 1435 603 —
1456 575 1525 627 50,
1551 575 1602 616 13
1635 574 1743 616 illud

238 641 328 683 iam
357 642 479 695 quale
508 644 578 695 est,
610 641 718 694 quod
750 641 796 681 in
825 641 915 693 ipso
951 640 1255 692 disputationis
1284 643 1383 682 tuae
1406 642 1632 696 principio
1663 644 1740 685 ad-

238 711 491 752 monendum
529 710 746 751 credidisti
777 722 859 751 esse
890 709 1094 763 lectorem⁷
1134 715 1180 751 ut
1210 710 1267 751 ad
1297 710 1519 752 subtiliora
1549 711 1629 752 illa
1661 712 1738 766 (M,

240 791 319 821 om.
353 780 461 832 rell.)
496 779 688 820 animum
711 778 974 831 praeparet?
1006 779 1097 820 uoci
1127 777 1208 820 illa
1237 779 1351 820 loeus
1383 792 1469 822 esse
1493 793 1573 822 non
1595 783 1741 833 potest,

239 860 334 889 cum
354 860 434 890 non
457 847 587 889 certas
610 848 808 900 quasdam
830 859 894 888 res
917 846 1152 888 subtiliores
1175 846 1407 901 significare
1430 849 1532 890 uelit
1556 848 1742 903 scriptor,

238 916 309 957 sed
354 928 495 957 uocem
534 916 824 957 tantummodo
863 914 1085 955 subtiliora
1125 928 1217 957 eum
1257 929 1441 969 premere
1485 918 1666 960 uoluisse
1697 930 1744 959 ex

216 973 505 1038 *sequentibus
543 984 682 1026 uerbis
721 983 802 1037 ipsi
841 983 933 1026 uoci
970 983 1191 1025 subtiliora
1227 984 1431 1027 enuntiati
1461 986 1740 1028 antecedentis

238 1053 456 1107 oppositis:
489 1066 516 1093 a
545 1052 722 1094 summis
752 1052 809 1093 ad
838 1052 940 1104 ima,
963 1051 1014 1093 ab
1034 1043 1291 1106 incorporeis
1313 1053 1370 1094 ad
1390 1067 1588 1106 corporea
1609 1055 1741 1096 ratio—

237 1122 377 1163 nalem
407 1124 598 1163 nostrum
628 1121 797 1163 conaris
829 1120 1029 1162 abducere
1060 1122 1209 1164 elucet.
1239 1112 1394 1175 ¹itaque
1423 1125 1561 1175 potius
1591 1124 1740 1176 aliqua

237 1204 308 1245 pro
347 1191 428 1233 illa
469 1192 734 1234 scribendum
774 1194 874 1241 erat,
913 1192 984 1232 sed
1015 1204 1065 1232 ne
1096 1191 1139 1232 id
1172 1191 1337 1244 quidem
1368 1193 1656 1234 necessarium.
1691 1217 1738 1222 —

235 1259 305 1311 50,
350 1261 402 1302 18
442 1259 481 1300 si
521 1258 656 1301 adhuc
696 1261 896 1300 creatura
934 1259 1117 1300 materia
1154 1262 1224 1310 est,
1271 1259 1463 1300 nondum
1502 1274 1594 1313 erqo
1625 1260 1767 1306 homo,

236 1328 443 1380 formatus
478 1331 537 1370 est
566 1329 736 1382 praebet
769 1329 825 1379 M,
868 1330 937 1370 sed
967 1329 1099 1371 multo
1131 1328 1434 1382 significantius
1466 1329 1617 1381 reliqui
1647 1330 1742 1372 libri

238 1397 434 1439 exhibent
463 1397 653 1438 nondum
685 1410 779 1451 erqo
810 1397 1020 1449 formatus
1050 1410 1102 1438 es.
1126 1423 1179 1427 —
1200 1397 1267 1448 51,
1303 1398 1354 1440 18
1387 1411 1482 1451 cum
1509 1398 1742 1439 discernere

237 1478 416 1518 nequeas
451 1479 479 1506 a
516 1459 650 1507 creato
690 1466 928 1518 materiam,
967 1465 1019 1506 ab
1056 1465 1235 1517 informi
1274 1465 1518 1518 formatum,
1559 1466 1610 1507 ab
1648 1479 1742 1508 aere

235 1534 446 1587 spiritum,
479 1534 539 1575 sic
574 1534 650 1587 (M,
681 1535 728 1575 in
759 1534 866 1585 rell.)
899 1533 1130 1588 imaginem
1158 1534 1226 1575 dei
1238 1535 1504 1586 pronuntias
1523 1537 1741 1587 tamquam

231 1602 550 1656 potissimorum
571 1602 713 1657 scitus,
745 1603 819 1656 qui
848 1602 1121 1644 minimorum
1143 1603 1345 1655 probaris
1374 1603 1573 1657 iqnarus:
1605 1605 1740 1645 locum

237 1672 346 1713 hunc
377 1672 476 1713 satis
509 1671 726 1713 difficilem
758 1673 809 1713 ad
840 1671 1170 1724 intellegendum
1204 1672 1282 1713 tali
1312 1672 1431 1713 modo
1462 1672 1742 1726 interpretan-

238 1740 338 1781 dum
369 1752 457 1782 esse
489 1752 646 1783 censeo,
692 1741 822 1782 uerba
851 1740 925 1793 qui
954 1739 1229 1781 minimorum
1250 1740 1451 1793 probaris
1473 1740 1651 1794 iqnarus
1673 1754 1740 1782 ex-

237 1809 448 1862 plicantur
479 1809 694 1851 enuntiato
726 1821 820 1850 cum
848 1809 1083 1850 discernere
1113 1808 1580 1861 nequeas—spiritum,
1618 1822 1740 1863 quam

239 1879 289 1920 ob
319 1890 406 1918 rem
427 1878 526 1918 haee
549 1878 613 1918 est
633 1878 761 1919 totius
782 1878 938 1931 periodi
959 1877 1187 1919 sententia:
1213 1871 1323 1919 ‘cum
1345 1877 1518 1919 minoris
1541 1879 1740 1919 momenti

238 1958 302 1987 res
336 1945 568 1988 discernere
599 1959 790 2000 nequeas,
822 1947 939 1988 uelut
969 1960 993 1989 a
1014 1947 1152 1989 creato
1183 1947 1403 1988 materiam
1426 1948 1517 1997 eto„
1542 1948 1590 1989 de
1611 1947 1739 2000 potis-

237 2014 352 2055 simis
384 2013 521 2069 rebus,
553 2015 596 2056 id
627 2016 689 2057 est
719 2015 767 2057 de
797 2007 977 2069 imagine
1011 2017 1075 2058 dei
1109 2015 1269 2068 (anima
1290 2015 1490 2066 humana)
1517 2016 1583 2057 uel
1603 2016 1740 2070 potius

238 2084 382 2124 contra
418 2083 651 2138 imaginem
689 2084 753 2126 dei
793 2083 986 2126 disseris'.
1039 2096 1143 2137 quae
1179 2083 1216 2125 si
1245 2085 1355 2125 reete
1386 2083 1598 2137 disputata
1628 2087 1737 2138 sunt,

238 2150 415 2192 dubium
463 2163 550 2193 esse
597 2163 677 2193 non
720 2154 869 2206 potest,
895 2145 1017 2206 'quin
1060 2145 1111 2193 in
1153 2165 1226 2206 pro
1269 2152 1330 2194 sic
1371 2152 1632 2194 scribendum
1672 2155 1739 2194 sit.

231 2219 494 2272 pronuntias
526 2220 604 2262 hoo
634 2219 724 2262 loco
764 2221 953 2263 absolute
984 2220 1168 2274 positum
1209 2233 1351 2263 ansam
1385 2221 1544 2262 dedisse
1574 2221 1739 2263 uidetur

236 2286 527 2341 interpolatori
578 2288 629 2330 ad
681 2288 731 2330 in
781 2289 824 2331 in
875 2288 935 2330 sic
985 2289 1309 2331 immutandum.
1343 2315 1395 2320 —
1426 2289 1495 2338 54,
1539 2290 1559 2331 1
1608 2289 1740 2343 iqitur

237 2355 446 2397 euidenter
488 2357 666 2398 ostendit
705 2357 874 2399 nullum
913 2369 1062 2410 corpus
1106 2357 1331 2411 quamlibet
1369 2370 1611 2410 supremum
1641 2357 1737 2409 lon,

236 2423 465 2476 quamlibet
490 2427 636 2476 potens
666 2428 779 2467 motu
808 2426 1068 2480 incorporeis
1092 2438 1214 2479 posse
1228 2426 1441 2479 praeponi
1465 2427 1538 2479 (M,
1561 2426 1738 2479 conponi

236 2492 369 2545 rell.):
401 2493 618 2535 lectionem
649 2495 828 2547 conponi
852 2497 1078 2550 genuinam
1100 2507 1187 2537 esse
1210 2508 1258 2537 ex
1279 2495 1428 2545 uerbiS,
1461 2507 1562 2548 quae
1593 2495 1738 2536 statim

236 2562 478 2613 sequuntur,
516 2563 708 2615 apparet:
747 2575 920 2605 rursum
948 2564 998 2605 in
1028 2563 1330 2617 conparatione
1363 2562 1547 2617 qradum
1576 2563 1738 2615 faciens

236 2627 359 2670 dicit:
405 2629 506 2671 adeo
551 2630 715 2672 diuinis
758 2630 967 2673 hominem
1011 2632 1245 2685 conparari
1282 2644 1367 2673 non
1398 2644 1533 2684 posse,
1579 2634 1628 2673 ut
1663 2645 1737 2674 nec

237 2696 411 2751 anyelus
434 2698 582 2753 possit,
615 2699 688 2741 ubi
719 2712 797 2743 uox
826 2701 1056 2754 conparari
1085 2701 1306 2755 respondet
1326 2702 1453 2744 uerbo
1476 2701 1736 2743 antecedenti
