1884 2998
607 67 668 102 De
690 66 818 101 statu
843 65 1017 100 animae
1046 64 1107 100 111
1131 64 1164 99 6-
1557 61 1639 105 163

135 194 201 235 est
232 193 340 246 quod
370 192 526 234 nullius
559 204 685 245 capax
717 193 792 234 est.
843 191 949 233 illud
979 201 1077 232 uero
1109 202 1188 243 quo
1209 191 1382 242 spectat,
1418 189 1526 242 quod
1548 200 1640 230 ma·

137 265 242 303 trem
285 261 440 303 domini
482 260 691 314 adpellare
731 260 865 301 mauis
904 260 1121 313 poetarum
1166 269 1278 299 more
1315 257 1561 311 genitricem
1594 257 1640 299 et

136 331 288 382 absque
318 330 509 372 uersibus
540 328 699 383 poetice
730 327 953 370 oratoriam
983 327 1119 369 texis?
1149 338 1223 379 ego
1254 328 1398 367 tamen
1426 338 1506 367 non
1538 337 1640 380 qua-

138 398 243 449 liter,
284 398 353 440 sed
394 398 491 451 quid
530 396 713 450 loquaris
752 396 916 450 inquiro
956 397 1080 448 atque
1115 396 1162 435 ut
1191 395 1437 447 respondeas
1478 407 1640 448 quaeso.

108 493 125 518 5
195 477 298 519 Cum
329 478 591 519 beatissimus
623 476 792 519 Gabriel
825 479 921 518 ante
962 476 1099 518 oculos
1131 475 1359 518 dominicae
1388 474 1536 516 matris
1569 476 1642 517 ad-

138 547 315 600 sisteret,
362 545 523 588 illudne
560 546 602 587 in
635 544 827 587 Gabriele
870 544 1002 587 Maria
1043 545 1163 595 uidit,
1203 555 1282 597 quo
1319 542 1484 586 Gabriel
1521 543 1642 585 deum

138 614 281 656 uidet?
329 614 425 667 quia
463 614 499 655 si
537 612 697 655 Mariae
735 613 837 655 illud
877 612 1043 655 uisibile
1082 612 1176 663 fuit,
1227 614 1292 653 est
1332 623 1428 665 ergo
1467 610 1643 653 inlocale

140 683 263 725 locali
305 682 637 735 contemplabile.
685 684 791 735 quod
830 681 866 723 si
906 685 984 737 est,
1014 681 1190 724 inlocale
1227 693 1307 722 non
1348 682 1433 723 est:
1474 679 1571 733 quia
1609 680 1644 721 si

140 752 311 805 quisque
342 752 485 794 localis
517 751 593 803 est,
626 751 814 792 localiter
844 750 962 793 uidet
993 751 1034 792 et
1066 749 1294 804 adspiciens
1325 748 1531 802 respicere
1562 759 1644 789 non

95 823 275 873 10potest
319 819 400 862 nisi
437 820 613 874 partem.
665 819 779 861 uidet
825 819 956 873 igitur
1000 819 1138 861 locum
1176 819 1246 872 qui
1290 817 1479 859 localiter
1517 816 1643 871 uidet,

142 889 237 943 quia
268 900 361 942 pars
399 888 512 930 locus
555 889 618 929 est
648 888 689 929 et
719 888 834 929 locus
871 888 1056 929 locorum
1088 887 1231 940 utique
1265 899 1359 940 pars
1391 888 1456 928 est
1486 886 1528 928 et
1557 885 1647 928 loca

141 968 307 1011 corpora
336 957 445 998 sunt.
499 958 539 998 et
570 956 642 1010 qui
673 960 833 1009 partem
864 956 979 998 uidet
1009 959 1127 1009 parte
1158 955 1221 996 sui
1253 955 1380 1006 uidet,
1419 966 1493 996 nec
1513 953 1646 996 uideri

141 1027 256 1080 parte
295 1025 378 1067 nisi
415 1038 509 1079 pars
548 1027 697 1079 potest,
748 1038 842 1079 pars
878 1037 976 1067 uero
1015 1025 1081 1067 dei
1119 1025 1237 1067 nulla
1268 1026 1342 1075 est,
1375 1023 1474 1077 quia
1503 1023 1647 1076 inpar-

142 1094 230 1136 tilis
270 1106 350 1136 non
389 1094 515 1137 habet
551 1097 723 1148 partem.
775 1096 849 1137 aut
883 1094 1013 1149 igitur
1045 1093 1219 1139 Gabriel
1258 1094 1379 1135 deum
1418 1106 1499 1135 non
1531 1093 1649 1135 uidet

98 1179 130 1205 15
144 1166 216 1205 aut
246 1163 424 1204 solidum
455 1163 582 1213 uidet,
614 1176 690 1205 nec
720 1163 932 1218 integrum
962 1163 1044 1205 nisi
1076 1164 1125 1205 de
1157 1163 1319 1217 integro
1340 1162 1476 1204 uideri
1494 1162 1647 1214 potest.

145 1244 290 1285 corpus
320 1243 417 1273 uero
447 1244 522 1274 nec
560 1232 772 1286 integrum
810 1233 943 1274 uideri
973 1244 1049 1273 nec
1079 1232 1219 1274 uidere
1251 1231 1463 1285 integrum
1494 1232 1647 1283 potest,

145 1313 223 1342 non
270 1301 399 1355 igitur
446 1312 591 1354 corpus
635 1303 708 1351 est,
749 1300 858 1342 unde
897 1301 1065 1344 Gabriel
1104 1300 1228 1342 deum
1265 1300 1394 1350 uidet,
1438 1300 1535 1353 quia
1569 1311 1648 1352 quo

145 1369 332 1411 localiter
373 1369 549 1410 Mariam
588 1368 760 1411 Gabriel
797 1369 907 1411 uidit
938 1371 979 1410 et
1010 1382 1106 1411 eum
1143 1369 1278 1411 Maria
1308 1369 1495 1411 localiter
1526 1367 1647 1420 uidit,

145 1438 283 1479 uidere
321 1437 556 1479 inlocaliter
594 1437 751 1491 nequit.
807 1438 878 1479 sed
916 1440 963 1479 ut
1003 1439 1140 1480 tecum
1170 1438 1297 1480 uerbo
1329 1437 1581 1491 congrediar,
1614 1438 1650 1479 si

95 1522 132 1547 20
145 1507 255 1548 totus
287 1506 457 1550 Gabriel
487 1518 568 1548 non
598 1506 679 1548 nisi
721 1518 867 1559 corpus
908 1507 973 1548 est
1011 1519 1083 1560 pro
1115 1507 1318 1549 distantia
1347 1506 1543 1560 partium,
1575 1518 1651 1548 nec

145 1576 256 1618 totus
289 1577 352 1618 est
381 1588 466 1629 pes,
498 1588 572 1618 nec
604 1577 718 1618 totus
750 1576 813 1618 est
842 1587 900 1630 os,
934 1588 1008 1618 nec
1039 1576 1153 1618 totus
1186 1577 1248 1617 est
1279 1577 1434 1618 oculus
1488 1576 1651 1629 quocir-

147 1656 194 1686 ca
230 1646 390 1698 quando
427 1644 586 1686 Mariae
626 1646 739 1687 uisus
776 1647 852 1696 est,
898 1657 972 1686 nec
1002 1647 1103 1698 pede
1147 1645 1310 1687 locutus
1340 1656 1415 1686 nec
1445 1656 1514 1686 ore
1545 1643 1652 1686 uidit

146 1725 223 1755 nec
267 1713 382 1755 oculo
420 1713 551 1767 stetit,
591 1712 663 1755 sed
701 1725 796 1767 pars
836 1725 1102 1767 unaquaeque
1142 1713 1424 1755 membrorum
1455 1712 1653 1767 qualitati

218 1874 234 1907 1
268 1872 387 1907 nullus
418 1873 481 1915 M,
521 1872 634 1906 ullius
659 1872 841 1908 Barthius
979 1873 1074 1917 quod
1104 1872 1253 1908 FMRb
1275 1872 1354 1908 Sch.
1494 1873 1655 1917 expectat

150 1929 471 1966 ABGHLMRSb
491 1929 571 1965 Sch.
709 1930 730 1964 2
761 1930 868 1965 audes
900 1934 984 1965 ante
1016 1931 1133 1965 mauis
1158 1931 1241 1966 add.
1268 1931 1288 1965 b
1313 1941 1358 1966 ecc
1381 1931 1498 1976 ylossa
1521 1929 1654 1975 Ματρί-

149 1988 229 2022 nali
253 1987 385 2023 codicis
409 1987 459 2022 M
592 1987 718 2033 mauis]
744 1988 859 2022 maius
881 1989 926 2032 10²
1063 1988 1197 2033 poetico
1222 1990 1267 2033 1²²
1406 1999 1465 2023 ore
1489 1987 1563 2023 Mb

150 2044 327 2087 genetrice
351 2043 388 2079 R
503 2045 525 2080 3
549 2046 672 2089 poetae
696 2045 733 2079 A
847 2046 870 2079 4
894 2047 936 2080 ut
960 2056 1026 2081 om.
1055 2046 1089 2081 G
1204 2047 1226 2081 5
1251 2045 1412 2080 dominae
1437 2046 1483 2089 B,
1518 2044 1654 2079 domini

148 2101 230 2136 DE
365 2102 386 2135 6
423 2101 584 2145 gabrielo
617 2102 831 2147 (gabrihelo)
863 2103 947 2137 libri
973 2107 1125 2147 praeter
1156 2103 1235 2138 DE
1371 2102 1552 2137 dominum
1578 2101 1655 2137 edi-

149 2162 243 2194 tores
381 2159 400 2193 7
426 2159 520 2193 uidit
544 2159 775 2194 ABHLRS¹
908 2160 1093 2195 inlocalem
1119 2160 1156 2196 R
1302 2160 1324 2195 8
1348 2159 1656 2204 contemplabilem

150 2216 187 2252 R
323 2216 433 2251 locale
462 2216 496 2250 G
634 2217 654 2250 9
680 2217 770 2260 quis,
795 2216 858 2262 qui
875 2217 1056 2252 Barthius
1191 2216 1285 2251 uidit
1309 2216 1563 2252 A¹BHLRS¹

153 2274 196 2308 10
228 2274 356 2319 potest]
383 2275 500 2308 totum
532 2273 618 2308 add.
647 2274 681 2309 G
818 2275 888 2308 nisi
919 2274 1012 2316 Mb,
1050 2285 1116 2309 om.
1141 2274 1219 2308 rell.
1246 2278 1279 2308 et
1303 2274 1382 2309 Sch.
1521 2275 1656 2318 partem

151 2331 265 2375 igitur
300 2330 401 2365 uidet
437 2331 592 2366 locorum
632 2331 666 2367 G-
692 2335 725 2366 et
750 2332 790 2366 E
822 2332 864 2366 in
899 2342 1011 2377 mary.
1049 2332 1189 2367 addens
1225 2331 1280 2366 ‘ab
1318 2331 1402 2365 cod?
1574 2331 1659 2375 quia

153 2387 231 2422 Sch.
369 2388 464 2422 uidit
488 2389 524 2424 R
664 2390 702 2423 ll
736 2391 879 2433 utrique
911 2390 947 2425 R
967 2389 1046 2424 Sch.
1187 2389 1228 2423 12
1261 2390 1379 2432 partes
1405 2388 1489 2431 (sui)
1515 2388 1575 2422 M²
1602 2389 1658 2431 (in

151 2447 279 2491 mary.)
302 2446 321 2480 b
340 2445 436 2490 Sela,
474 2447 612 2490 partem
632 2448 677 2490 10²
793 2439 888 2481 usdit
913 2446 943 2481 S
952 2449 961 2465 ¹
1086 2447 1129 2481 13
1154 2445 1373 2489 impartibile
1398 2445 1418 2479 b
1536 2446 1578 2480 16
1604 2445 1659 2479 ui-

154 2501 227 2536 deri
252 2502 288 2538 R
405 2503 446 2537 17
472 2503 556 2537 dnm
582 2503 660 2538 AG
775 2503 869 2548 quod
897 2503 969 2539 GR
1086 2504 1127 2538 18
1153 2504 1251 2537 uidet
1274 2502 1494 2538 ABHLRS
1516 2503 1660 2546 (priore

153 2559 242 2601 loeo)
381 2561 423 2595 21
458 2562 512 2595 est
543 2565 628 2596 ante
659 2561 779 2595 oculus
813 2571 878 2596 om.
912 2559 1203 2596 ABCFGHLS
1344 2560 1388 2594 22
1420 2560 1571 2604 locutus]
1605 2562 1659 2593 est

155 2628 240 2662 add.
260 2630 306 2672 1³²
443 2630 488 2664 23
516 2611 825 2674 parsonaquaeque
849 2629 885 2664 B
1025 2638 1235 2673 unaquaque
1259 2627 1333 2663 FG
1471 2627 1660 2672 qualitatis

155 2685 275 2727 ABF,
317 2686 492 2730 qualitate
514 2686 551 2722 R

1455 2753 1522 2787 11*
