1884 2998
271 158 386 189 XXVI

272 285 313 313 36
351 284 429 313 0111.
477 270 585 324 rell.)
625 269 739 312 dieat
777 269 987 322 apostolus
1015 270 1189 321 raptam
1225 281 1307 310 esse
1339 269 1411 323 (M,
1443 282 1525 311 sese
1555 269 1686 324 rell.):
1717 271 1771 312 li-

276 340 437 383 brarius
470 351 552 381 esse
582 351 655 392 pro
685 351 780 392 sese,
819 340 867 379 ut
906 338 1149 391 plerumque
1180 337 1294 385 solet,
1333 338 1482 394 legisse
1515 339 1554 379 et
1584 338 1690 379 hanc
1719 338 1768 380 ob

270 422 357 450 rem
386 421 428 450 36
459 410 508 450 (16
539 419 611 449 360
633 408 838 449 addidisse
870 407 994 460 (idem
1017 406 1142 448 etiam
1168 405 1262 457 142,
1286 407 1339 447 22
1362 409 1398 449 te
1419 407 1505 449 sine
1528 407 1771 449 necessitate

271 476 432 528 adiecit,
465 475 572 530 quod
602 476 826 517 delendum
856 476 933 528 est)
966 474 1145 516 uidetur.
1180 498 1237 505 -
1269 474 1364 530 156,
1396 476 1422 517 3
1453 478 1500 516 ut
1529 488 1621 516 cam
1641 488 1682 517 se
1702 476 1770 518 uel

270 545 391 587 deum
422 543 696 596 contemplari
726 543 819 584 uult
846 544 919 597 (M,
943 543 1052 585 uolet
1070 543 1192 596 rell),
1215 543 1454 597 imayinum
1475 556 1770 596 corporearum

270 613 461 655 uelamen
490 647 498 655 .
518 644 527 653 .
555 612 688 654 solum
718 613 880 654 uideat:
904 612 1009 654 falso
1031 611 1075 652 M
1097 612 1192 653 aalt
1212 613 1399 666 praebet,
1421 625 1518 654 nam
1539 613 1768 666 profectum

271 695 357 724 esse
391 695 414 723 a
444 680 667 723 Claudiano
711 679 822 721 uolet
859 693 940 722 non
980 682 1042 721 est
1083 681 1320 722 mirandum
1363 682 1406 722 in
1443 682 1652 734 scriptore,
1700 682 1770 735 qui

270 751 506 803 saepissime
547 750 735 791 futurum
771 761 843 802 pro
885 752 1070 802 tempore
1100 750 1306 803 praesenti
1336 749 1531 791 adhibeat
1565 749 1632 803 (cf.
1664 749 1770 790 indi-

270 821 385 872 cem).
419 843 470 848 -
506 818 599 869 159,
634 820 687 860 10
716 820 762 859 iit
791 831 938 870 eorpus
956 820 1121 859 moueat
1142 820 1322 859 stantem
1343 821 1381 859 et
1401 831 1490 859 non
1502 831 1585 870 per
1608 817 1769 871 (CGM,

269 900 349 929 om.
380 888 487 941 rell.)
522 887 614 928 loca
647 887 719 940 (M,
752 886 854 927 locos
885 885 976 937 OG,
1010 886 1123 927 loeus
1153 886 1221 927 uel
1253 886 1357 927 locis
1386 888 1491 940 rell.)
1525 885 1616 927 loca
1646 899 1769 939 quae-

269 955 365 996 libet
404 956 642 997 adeuntem:
685 955 914 996 rectissime
945 967 1026 1007 per
1061 955 1179 997 libris
1209 955 1377 1008 optimis
1410 954 1543 998 CGM
1574 955 1767 1005 traditur,

268 1024 319 1065 ad
359 1024 465 1076 quod
503 1025 571 1065 uel
611 1023 788 1065 maxime
826 1022 927 1072 loca,
970 1025 1077 1076 quod
1119 1024 1229 1065 solus
1265 1024 1311 1065 M
1346 1024 1529 1077 praebet,
1571 1024 1769 1077 quadrare

268 1092 445 1133 uidetur.
494 1104 591 1133 nam
623 1093 730 1146 quod
762 1091 916 1133 habent
947 1090 1024 1134 OG
1054 1091 1159 1134 locos
1188 1094 1353 1146 propter
1382 1093 1565 1145 proxime
1595 1105 1768 1147 sequens

269 1161 520 1203 uocabulum
551 1160 643 1202 loca
672 1160 900 1215 genuinum
922 1172 1007 1202 esse
1028 1172 1110 1202 non
1131 1161 1279 1214 potest.
1322 1162 1507 1202 attamen
1527 1161 1627 1202 haec
1647 1160 1770 1202 lectio

268 1230 436 1282 propius
482 1229 599 1271 abest
632 1241 656 1271 a
685 1230 866 1284 genuina
911 1229 1126 1282 scriptura,
1164 1242 1288 1283 quam
1326 1230 1412 1271 illa.
1464 1230 1627 1271 uidetur
1659 1229 1771 1270 enim

269 1300 358 1340 orta
396 1311 483 1340 esse
524 1311 572 1340 ex
602 1297 724 1349 locus,
758 1298 881 1352 quod,
912 1310 1007 1339 cum
1038 1297 1218 1340 habeant
1247 1298 1510 1340 ABHLRS
1545 1297 1610 1350 (de
1640 1297 1769 1339 inter-

268 1367 501 1419 polatorum
536 1366 738 1408 librorum
771 1367 893 1408 DEF
930 1366 1106 1408 lectione
1149 1380 1229 1409 non
1261 1369 1324 1409 est
1355 1368 1462 1420 quod
1494 1367 1613 1419 plura
1642 1366 1771 1408 uerba

266 1435 496 1489 faciamus),
530 1435 574 1477 in
606 1436 815 1477 communi
837 1435 1022 1477 omnium
1044 1435 1266 1489 archetypo
1290 1435 1495 1477 exstitisse
1519 1435 1767 1476 censendum

268 1506 342 1546 est.
389 1516 491 1558 quae
523 1505 559 1546 si
590 1505 699 1546 recte
731 1504 943 1557 disputata
973 1506 1082 1554 sunt,
1113 1506 1292 1558 genuina
1313 1504 1516 1557 scriptura
1537 1505 1624 1545 sine
1646 1503 1769 1546 dubio

268 1585 356 1627 erat
386 1575 479 1626 loci}
501 1602 553 1622 z
576 1584 719 1634 locam,
751 1586 791 1625 et
822 1585 865 1625 ni
897 1584 1020 1626 fallor
1050 1584 1181 1626 multo
1215 1585 1348 1638 aptior
1370 1596 1492 1637 quam
1515 1583 1686 1638 pluralis
1708 1583 1772 1625 est

267 1653 489 1707 singularis
528 1665 722 1695 numerus
757 1666 840 1706 per
878 1652 1013 1694 locum
1054 1653 1122 1706 (cf.
1162 1653 1229 1705 31,
1265 1653 1304 1694 5.
1347 1653 1440 1707 182,
1473 1653 1512 1694 9.
1557 1653 1649 1705 186,
1683 1652 1769 1705 27),

267 1724 336 1775 qui
382 1722 589 1776 significat
633 1721 822 1763 localiter
867 1722 937 1775 (cf.
985 1722 1112 1763 uerba
1160 1721 1395 1775 sequentia:
1441 1720 1489 1761 in
1534 1720 1771 1773 hisdemque

268 1790 367 1832 loeis
396 1789 708 1832 inlocaliter
737 1791 955 1844 ayentem).
986 1814 1042 1820 --
1075 1790 1169 1841 169,
1200 1790 1257 1831 24
1286 1790 1401 1831 istud
1431 1802 1544 1830 nune
1574 1788 1680 1830 mihi
1708 1801 1767 1830 36-

266 1859 450 1901 eundum
480 1860 572 1901 loca
601 1862 638 1899 et
667 1861 855 1911 tempora
873 1858 939 1900 ‘ael
965 1859 1037 1913 (M,
1061 1861 1248 1911 tempora
1267 1858 1334 1900 uel
1353 1871 1433 1900 om.
1455 1858 1563 1912 rell.)
1596 1858 1768 1900 dissere:

266 1929 525 1981 ineptissima
567 1927 832 1981 interpolatio
877 1930 972 1969 sunt
1016 1929 1141 1969 uerba
1180 1929 1370 1979 tempora
1399 1927 1478 1968 uel.
1526 1939 1619 1968 cum
1659 1926 1768 1967 enim

266 1997 509 2050 praecedant
540 1996 745 2051 euangelii
776 1996 825 2038 de
856 1996 985 2038 diuite
1017 1999 1059 2038 et
1089 2008 1267 2050 paupere
1297 1996 1435 2047 uerba,
1469 1996 1617 2049 quibus
1638 1995 1769 2037 Abra-

266 2065 362 2106 ham
409 2065 654 2118 colloquitur
699 2078 792 2107 cum
839 2064 970 2107 diuite
1014 2064 1058 2106 in
1102 2065 1263 2106 inferno
1308 2064 1463 2118 posito,
1509 2066 1624 2118 apte,
1670 2076 1770 2105 num

266 2134 367 2175 haec
397 2134 537 2175 eadem
572 2134 759 2175 localiter
798 2133 864 2175 uel
906 2133 1175 2186 corporaliter
1215 2132 1454 2186 accipienda
1493 2132 1590 2183 sint,
1633 2132 1770 2185 quaeri

266 2202 415 2255 potest,
448 2202 532 2251 sed,
565 2203 764 2255 quomodo
788 2202 1084 2256 temporaliter,
1117 2214 1197 2244 non
1219 2202 1352 2244 uideo.
1376 2226 1430 2232 ——
1455 2201 1548 2250 172,
1572 2199 1623 2240 18
1645 2213 1769 2252 qaae-

267 2283 370 2310 nam
393 2270 465 2323 (M,
488 2269 755 2322 quaemalum
777 2270 826 2319 Gr,
853 2284 960 2323 quae
980 2270 1129 2312 horam
1150 2271 1258 2324 rell.)
1281 2270 1392 2312 ratio
1413 2271 1471 2311 est
1490 2268 1579 2310 illis
1599 2268 1770 2310 eandem

268 2338 380 2379 credi
410 2338 602 2389 similem,
635 2339 691 2380 ad
711 2352 816 2392 quae
836 2339 1132 2391 conspicienda
1161 2339 1385 2392 interprete
1415 2350 1583 2390 corpore
1612 2337 1770 2378 utitur.-

267 2407 514 2461 scripturam
560 2407 708 2449 codicis
746 2407 792 2449 M
835 2409 1057 2462 genuinam
1101 2421 1180 2450 non
1225 2420 1312 2450 esse
1343 2407 1446 2449 mihi
1489 2409 1648 2448 certum
1693 2407 1767 2447 est,

268 2476 478 2529 quaeritur
494 2476 648 2530 autem,
671 2488 797 2529 quam
819 2475 1037 2517 lectionem
1059 2476 1332 2529 interpolator
1349 2476 1604 2518 correcturus
1628 2474 1768 2516 fuerit.

266 2545 406 2597 negari
452 2544 619 2597 quidem
658 2557 740 2586 non
785 2547 923 2597 potest
964 2544 1241 2597 plurimorum
1282 2544 1468 2586 codicum
1506 2543 1631 2584 uerba
1661 2554 1768 2595 qaae

266 2612 415 2654 horam
447 2614 547 2655 bene
578 2613 776 2666 quadrare
797 2637 853 2643 —
873 2612 1021 2655 horum
1053 2613 1163 2655 enim
1194 2625 1287 2654 cum
1317 2601 1428 2653 ratio
1453 2613 1522 2662 est,
1553 2610 1643 2651 illis
1674 2611 1766 2651 cum

266 2679 446 2721 similem
486 2679 813 2734 coniungendam
853 2681 914 2723 est
945 2705 1013 2732 —-‚
1054 2681 1126 2722 sed
1164 2680 1316 2723 collata
1353 2679 1585 2733 Apuleiana
1624 2677 1763 2731 phrasi

266 2749 407 2802 utique
439 2748 568 2789 simili
591 2749 654 2802 (de
675 2761 784 2803 mag.
808 2748 852 2802 8)
875 2750 916 2791 et
936 2749 1177 2791 Ennodiana
1201 2749 1269 2804 (cf.
1293 2748 1375 2790 ind.
1399 2747 1581 2790 Hartelii
1601 2759 1639 2801 p.
1662 2746 1763 2800 683)
