1884 2998
1509 153 1607 182 VIIII

124 261 240 304 simis
270 260 435 303 tantum
465 259 563 301 locis
596 259 822 300 correctam
853 261 961 313 typis
984 260 1291 302 describendam
1313 265 1475 304 curaret
1497 275 1608 304 eam-

123 341 201 382 que
239 329 373 371 solam
401 328 445 368 in
477 327 898 370 animaduersionibus
943 328 1165 371 scribendis
1195 329 1426 382 respiceret,
1458 332 1609 372 multos

124 398 233 440 locos
271 397 377 438 falso
415 397 627 446 tractauit,
660 395 729 449 qui
760 407 784 436 a
814 395 981 438 Schotto
1023 397 1210 439 codicum
1241 409 1315 450 ope
1344 398 1427 440 iam
1458 399 1611 440 dudum

124 469 241 508 erant
280 465 464 507 correcti.
514 465 700 506 attamen
738 464 826 517 ipse
866 465 1063 506 nonnulla
1102 465 1145 507 in
1177 466 1366 507 omnibus
1406 466 1610 507 codicibus

122 534 227 577 falso
266 534 422 576 tradita
460 534 620 587 egregie
660 533 834 575 sanauit.
886 533 961 575 hoc
991 545 1086 574 uero
1117 533 1206 575 loco
1237 545 1317 584 eos,
1350 534 1419 587 qui
1451 538 1611 576 nostrae

123 603 313 645 editionis
343 602 608 644 adnotatione
633 601 774 642 critica
803 601 919 642 usuri
951 602 1061 651 sunt,
1093 602 1362 643 commonitos
1394 602 1532 655 uelim,
1564 615 1613 643 ne

121 671 284 713 Barthii
329 670 634 712 emendationes
674 681 815 710 omnes
864 669 1054 710 editionis
1102 670 1299 723 principis
1345 670 1613 712 fundamento

121 740 199 781 niti
230 739 538 789 obliuiscantur,
572 750 696 791 quam
727 738 775 779 ob
808 749 896 779 rem
926 738 1023 788 illis,
1055 751 1104 778 ne
1129 738 1235 779 falso
1258 739 1307 779 de
1329 739 1494 780 Barthii
1516 750 1611 780 con-

121 808 291 849 iecturis
322 808 519 858 iudicent,
553 819 600 848 ea
631 806 711 847 loci
741 806 936 859 temptati
968 806 1112 856 forma,
1145 818 1246 859 quae
1278 808 1338 848 est
1370 806 1413 848 in
1436 807 1613 849 editione

123 875 316 930 principe,
351 877 446 917 ante
478 875 614 917 oculos
646 876 833 916 uersetur
862 886 1026 916 necesse
1056 876 1130 916 est.

181 967 444 1010 Nouissimus
477 965 696 1008 Claudiani
726 966 855 1008 libros
887 966 1091 1008 recensuit
1121 967 1172 1007 ad
1199 966 1358 1008 Schotti
1389 969 1429 1008 et
1459 966 1614 1009 Parisi-

128 1049 202 1078 nas
234 1036 431 1078 editiones
463 1035 582 1077 nouis
613 1047 694 1077 non
724 1047 821 1077 usus
853 1035 1058 1077 codicibus
1081 1033 1321 1076 Gallandius
1351 1035 1616 1088 (bibliotheca

124 1106 290 1159 patrum
321 1107 404 1147 uet.
434 1105 514 1146 uol.
538 1104 610 1158 X),
642 1104 750 1145 unde
773 1116 839 1145 eos
861 1103 1116 1158 deprompsit
1137 1104 1279 1156 Migne
1300 1103 1343 1144 111
1364 1103 1615 1157 patrologiae

122 1174 277 1217 latinae
308 1175 390 1216 uol.
422 1174 536 1216 LIII.

375 1506 437 1559 Π.
487 1505 568 1559 DE
615 1503 853 1559 TEXTVS
898 1500 1364 1558 EMENDATIONE.

183 1683 460 1745 Communem
491 1699 687 1750 omnium,
721 1708 822 1750 quos
849 1696 970 1738 modo
993 1694 1295 1748 descripsimus,
1327 1692 1512 1735 codicum
1533 1703 1617 1733 esse

125 1774 326 1829 originem
347 1774 470 1826 atque
494 1771 544 1813 ab
567 1784 648 1813 uno
669 1771 893 1824 eodemque
914 1770 987 1811 hos
1006 1781 1145 1811 omnes
1164 1767 1330 1809 fluxisse
1351 1765 1456 1807 libro
1478 1764 1616 1806 arche-

125 1845 239 1898 typo,
272 1843 314 1884 et
350 1853 521 1883 numero
560 1840 816 1890 mendorum,
850 1851 952 1891 quae
992 1837 1181 1879 omnibus
1226 1835 1341 1877 libris
1387 1833 1619 1875 communia

126 1912 236 1963 sunt,
269 1914 310 1953 et
341 1912 463 1965 plane
485 1908 692 1962 singulari
723 1906 970 1960 condicione,
1003 1917 1085 1958 qua
1104 1903 1246 1947 Fausti
1268 1903 1444 1956 epistula
1467 1900 1618 1943 codici-

126 1980 202 2022 bus
232 1979 448 2022 Claudiani
486 1979 682 2031 traditur,
728 1975 1028 2030 comprobatur.
1080 1973 1238 2014 constat
1278 1971 1386 2012 enim
1422 1969 1497 2010 illa
1534 1968 1619 2021 epi-

127 2048 238 2092 stula
285 2048 420 2091 tribus
471 2047 672 2101 partibus,
724 2058 898 2099 quarum
941 2043 1075 2097 prima
1120 2043 1162 2083 et
1208 2040 1337 2081 altera
1385 2038 1426 2079 in
1472 2036 1619 2078 nostris

129 2117 350 2160 Claudiani
387 2118 595 2160 codicibus
628 2128 707 2158 non
741 2115 889 2167 exstat,
930 2124 1023 2154 cum
1062 2111 1224 2164 integra
1254 2106 1430 2161 epistula
1459 2107 1621 2148 seruata

127 2187 184 2229 sit
227 2188 269 2228 in
315 2187 449 2228 codice
491 2183 751 2239 Sangallensi
790 2196 850 2224 nr.
886 2181 967 2223 190
1012 2191 1095 2221 una
1140 2189 1234 2219 cum
1279 2175 1448 2228 reliquis
1479 2173 1620 2214 Fausti

128 2255 329 2308 epistulis.
382 2255 568 2296 attamen
600 2252 727 2294 etiam
759 2248 974 2292 Claudiani
1013 2247 1129 2288 libris
1166 2247 1367 2298 integram
1401 2240 1619 2294 epistulam

129 2325 227 2366 olim
266 2324 488 2378 praefixam
529 2322 657 2364 fuisse
701 2321 796 2362 inde
828 2318 949 2360 facile
981 2318 1165 2369 apparet,
1199 2314 1306 2366 quod
1337 2312 1436 2353 duas
1467 2311 1620 2362 priores

129 2393 330 2447 epistulae
362 2396 500 2445 partes
532 2402 659 2443 aeque
692 2400 740 2430 ac
771 2387 938 2429 tertiam
969 2383 1139 2437 respicit
1168 2380 1419 2424 Claudianus
1454 2376 1521 2430 (cf.
1553 2376 1620 2424 24,

130 2462 184 2503 10
204 2473 291 2514 sqq.
334 2462 376 2502 et
405 2461 472 2511 26,
507 2459 560 2501 10
579 2458 702 2511 sqq).
751 2467 884 2508 neque
929 2456 1068 2494 tamen
1113 2449 1294 2492 difficilis
1325 2449 1386 2488 est
1424 2444 1620 2498 quaestio,

130 2541 201 2571 cur
249 2541 273 2571 a
318 2529 446 2570 tertia
491 2529 658 2569 demum
704 2523 907 2578 epistulae
951 2522 1065 2574 parte
1100 2521 1208 2572 (pag.
1242 2517 1280 2566 8,
1315 2515 1382 2567 15)
1427 2511 1622 2564 inceperit

128 2597 346 2640 Claudiani
390 2596 592 2638 librorum
638 2596 872 2635 nostrorum
915 2589 1171 2641 archetypus.
1223 2596 1317 2626 cum
1356 2582 1464 2623 enim
1503 2580 1545 2621 in
1575 2591 1622 2619 ea

129 2668 248 2721 parte
278 2666 461 2707 Faustus
503 2665 553 2705 de
585 2663 745 2703 animae
786 2656 1075 2712 corporalitate
1116 2651 1370 2696 disseruisset
1410 2651 1451 2690 et
1482 2649 1622 2688 contra

132 2734 237 2776 hanc
267 2733 312 2775 in
342 2732 485 2788 primis
514 2727 948 2785 partem'Claudianus
979 2724 1103 2766 libros
1134 2722 1183 2763 de
1213 2720 1323 2762 statu
1354 2717 1510 2758 animae
1540 2715 1621 2754 tres

1635 960 1779 987 Gallandii

1662 995 1750 1021 editio
