1884 2998
569 153 629 188 De
654 155 781 188 statu
804 154 975 189 animae
1004 155 1023 190 Ι
1048 155 1102 191 18.
1529 161 1587 205 65

81 291 246 321 mouere
278 291 358 321 non
389 290 621 333 possumus,
657 280 795 320 motus
826 279 966 322 autem
995 279 1157 323 brachii
1186 282 1238 324 ab
1268 282 1429 326 humeri
1451 284 1582 328 stabi-

82 347 203 389 litate
235 348 309 389 est.
362 347 403 388 et
432 350 480 389 ut
511 358 591 388 non
622 345 778 388 diutius
813 346 1081 398 inmoremur,
1113 349 1155 390 in
1187 351 1407 403 gradiendo
1437 354 1582 407 utique

81 427 152 468 pes
185 427 293 457 unus
332 415 519 467 figendus
559 416 632 464 est,
675 416 721 455 ut
752 414 859 456 alter
897 416 1129 468 promoueri
1160 420 1293 470 queat.
1345 420 1439 462 tene
1469 420 1583 463 istud

82 496 175 525 cum
221 484 431 536 paulisper
474 482 605 524 animi
648 483 809 525 motum
856 495 880 525 a
925 484 1104 537 corporis
1139 488 1256 527 motu
1296 486 1581 530 discernimus.

52 564 181 593 snam
224 553 343 602 sicut,
385 551 434 593 ut
463 562 587 604 supra
617 551 776 593 dictum
814 554 888 605 est,
923 552 1021 595 deus
1052 553 1260 595 stabiliter
1290 556 1492 606 mouetur,
1524 557 1584 598 sic

81 620 220 662 anima
268 619 564 674 temporaliter.
615 620 842 673 temporale
890 624 954 662 est
994 623 1146 673 autem,
1188 623 1295 674 quod
1331 623 1453 676 paulo
1488 625 1585 666 ante

81 688 270 741 superba,
310 700 420 730 nunc
462 687 649 738 humiliS,
681 688 796 741 prius
827 689 947 739 laeta,
979 701 1087 730 nunc
1116 688 1265 740 tristis,
1297 689 1442 731 dilexit
1471 694 1582 742 ante,

79 769 188 798 nunc
230 756 330 811 odit,
370 756 484 810 prius
523 756 681 810 aliquid
722 756 866 806 oblita,
907 769 1017 798 nunc
1055 757 1260 801 meminit.
1312 757 1433 800 huius
1472 760 1585 801 modi

81 827 221 867 autem
251 825 436 867 motibus
466 826 628 867 animae
659 837 739 866 non
770 825 1045 867 communicat
1075 836 1232 880 corpus,
1256 825 1403 879 quibus
1424 826 1583 869 inmoto

35 911 68 936 ιο
80 893 354 935 nihilominus
396 905 563 946 corpore
602 893 803 944 mouetur,
854 894 961 935 unde
999 894 1122 936 datur
1166 893 1354 948 intellegi
1400 895 1582 937 animam

80 975 152 1016 per
183 962 349 1016 tempus
379 961 613 1004 inlocaliter
644 961 803 1003 moueri
833 964 956 1016 atque
987 961 1037 1002 ab
1069 961 1209 1003 eadem
1246 974 1390 1016 corpus
1412 963 1453 1004 et
1474 965 1581 1005 tem-

81 1031 279 1084 poraliter
318 1033 359 1072 et
399 1031 590 1072 localiter
619 1032 788 1081 moueri,
821 1030 995 1072 eandem
1026 1042 1121 1072 uero
1152 1042 1176 1071 a
1206 1042 1370 1084 corpore
1399 1031 1586 1073 localiter

81 1111 163 1141 non
199 1111 371 1141 moueri.

137 1180 275 1232 Atque
315 1180 360 1221 ut
398 1179 473 1221 hoc
511 1178 660 1232 ipsum,
700 1178 736 1220 si
775 1191 854 1232 quo
894 1179 1013 1220 modo
1050 1190 1209 1232 queam,
1241 1178 1378 1220 uerbis
1409 1178 1582 1231 planum

35 1265 66 1290 15
80 1247 243 1297 faciam,
275 1247 550 1289 adtentiorem
588 1247 692 1289 mihi
731 1247 928 1289 lectorem
959 1259 1059 1300 opus
1091 1247 1165 1289 est.
1222 1259 1313 1288 ecce
1345 1246 1396 1288 ad
1427 1246 1584 1300 aliquid

80 1317 344 1359 scribendum
390 1317 459 1358 uel
502 1315 854 1358 fabrefaciendum
898 1318 945 1357 ut
990 1328 1135 1357 manus
1173 1315 1387 1357 moueatur
1422 1314 1586 1356 animae

81 1386 207 1427 nutus
252 1384 498 1426 intenditur.
550 1385 690 1426 anima
740 1384 998 1437 conspicatur
1048 1383 1301 1436 incorporeas
1351 1382 1586 1424 inlocaliter

82 1454 250 1507 formas,
292 1453 444 1507 quibus
475 1451 840 1494 indissociabiliter
881 1453 1022 1493 iuncta
1061 1451 1149 1493 siue
1185 1451 1415 1505 superiecta
1445 1451 1585 1492 subie-

82 1525 158 1565 ctis
205 1523 291 1564 siue
337 1521 525 1563 subiecta
570 1519 815 1573 superiectis
861 1522 902 1561 et
949 1520 1183 1561 membrum
1222 1520 1311 1560 tota
1355 1519 1495 1560 mouet
1543 1520 1586 1559 et

35 1608 69 1634 20
82 1591 309 1633 formarum
340 1591 566 1632 ueritatem
597 1590 688 1630 tota
719 1589 920 1643 conspicit
952 1591 992 1630 et
1023 1590 1160 1629 totum
1191 1591 1354 1641 praeter
1386 1586 1463 1628 hoc
1493 1598 1585 1628 cor-

80 1672 157 1715 pus
197 1659 349 1713 ubique
380 1659 471 1700 tota
508 1657 725 1699 sentificat.
765 1669 857 1698 cum
888 1668 997 1710 ergo,
1029 1658 1076 1697 ut
1106 1656 1262 1697 dictum
1294 1657 1370 1707 est,
1404 1654 1584 1696 aeternis

81 1728 168 1770 illis
208 1728 450 1781 hisdemque
490 1738 651 1779 semper
689 1725 831 1767 formis
871 1725 1033 1766 intenta
1063 1725 1115 1767 ad
1145 1725 1333 1777 exempla
1363 1723 1583 1764 earundem

81 1797 311 1840 formarum
335 1798 600 1850 tetragonum
623 1795 711 1836 siue
735 1794 990 1847 hexagonum
1013 1792 1081 1834 uel
1102 1792 1325 1834 rotundum
1346 1802 1584 1844 corporeum

153 2013 172 2046 1
210 2010 410 2055 possumus]
445 2020 589 2044 manum
621 1986 645 2044 n
676 2010 793 2043 stante
826 2007 987 2042 bracchio
1018 2017 1086 2041 non
1119 2016 1299 2040 monemus
1336 2003 1421 2039 add.
1460 2003 1494 2038 G

80 2075 244 2110 humeris!
270 2074 305 2109 R
420 2074 441 2108 3
467 2072 557 2107 illud
582 2072 618 2106 B
740 2072 763 2106 4
787 2082 866 2106 cum
891 2070 944 2105 Ε2
967 2070 1008 2104 in
1032 2079 1142 2114 mary.
1171 2066 1374 2108 GHMRS,
1413 2076 1480 2101 om.
1506 2065 1585 2101 rell.

82 2142 116 2173 et
140 2137 221 2173 8οὴ.
394 2137 511 2170 totum
550 2135 586 2169 B
746 2134 767 2168 5
804 2135 846 2168 ut
879 2144 944 2168 om.
972 2131 1155 2173 Semnus,
1191 2130 1321 2165 inserit
1353 2132 1474 2163 autem
1506 2130 1587 2171 post

82 2203 135 2236 est
273 2200 295 2234 9
328 2199 467 2233 animae
499 2197 588 2239 Mb,
630 2196 747 2231 anima
779 2196 858 2231 rell.
885 2198 918 2230 et
943 2194 1023 2229 Sch.
1163 2203 1288 2237 corpus
1321 2191 1409 2233 Mb,
1450 2189 1584 2233 corpori

81 2264 160 2299 rell.
188 2267 222 2297 et
248 2262 328 2298 Sch.
467 2261 513 2295 14
543 2270 690 2304 quaeam
722 2258 795 2292 AB
933 2258 976 2292 15
1008 2254 1468 2291 adtentiorem—lectorem
1496 2250 1587 2285 A¹B

88 2325 293 2362 C²H¹R¹M
325 2324 401 2368 (qui
436 2323 487 2357 sic
523 2321 675 2356 Plautus
711 2321 827 2355 literis
857 2320 982 2354 rubris
1014 2321 1206 2353 exaratum
1242 2317 1345 2351 habet
1375 2315 1416 2349 in
1445 2313 1584 2357 mam),

83 2387 475 2423 adtentiore—lectore
500 2384 578 2419 rell.
608 2387 641 2418 et
667 2382 824 2417 editores
963 2381 1006 2415 17
1032 2382 1122 2414 nutu
1147 2378 1218 2413 Mb
1350 2375 1585 2420 conspiciatur

83 2450 211 2493 B0¹p²
352 2448 396 2482 18
428 2446 610 2490 subiectis]
636 2444 843 2490 superiectis
869 2443 889 2478 b
1027 2443 1070 2476 19
1103 2439 1269 2475 subiectis
1294 2439 1488 2482 superiecta
1511 2437 1585 2470 AB

88 2511 313 2553 GFHLRS,
355 2510 562 2555 superiectis
599 2497 757 2543 subiecta
788 2506 868 2541 DE
1002 2505 1046 2539 20
1070 2504 1279 2538 uarietatem
1305 2500 1378 2535 PT
1392 2499 1490 2541 Sela,
1522 2497 1586 2532 sed

82 2576 129 2619 cf.
149 2586 235 2621 pay.
253 2576 311 2616 66,
331 2576 354 2609 '7
469 2573 513 2608 21
539 2570 738 2607 sanctificat
757 2580 785 2614 p
901 2567 1070 2611 aeternis]
1096 2567 1132 2600 et
1155 2564 1265 2599 ternis
1285 2564 1330 2607 12¹
1443 2561 1489 2595 22
1512 2560 1585 2594 his-

83 2637 230 2682 demque
267 2637 341 2672 Mb
375 2636 436 2680 (cf.
460 2634 649 2677 indicem),
689 2632 867 2676 isdemque
900 2627 1200 2667 ABGGHLRS,
1243 2625 1441 2667 eisdemque
1472 2622 1589 2657 ΒΕΓ

85 2701 183 2744 Sela,
233 2701 360 2735 iisdem
392 2710 418 2743 p
574 2697 618 2731 23
654 2696 876 2740 hexagonum
913 2694 950 2736 b,
997 2700 1192 2736 exagonum
1228 2686 1442 2729 DEFGM,
1490 2694 1584 2718 sexa-

83 2774 216 2809 gonum
241 2763 316 2798 rell.

150 2831 216 2866 x1.
1424 2814 1446 2847 5
