1884 2998
547 101 783 137 uerborum
807 103 850 137 et
873 102 1167 138 locutionum.

146 224 385 304 ἒῗὲοῗέεῑηιιῖἶ
405 225 482 313 123,
497 236 710 316 Ξὲυῗὲἷὲοῖῗι
735 226 826 307 iim

149 313 224 394 1125,
265 314 338 360 17);
374 316 420 359 cf.
454 316 562 352 etiam
591 317 657 353 sub
684 317 722 352 in
747 328 827 352 cum

147 370 167 393 a
210 384 217 391 .

73 404 264 440 ablatiuus
296 405 497 441 absolutus:
529 406 572 442 de
602 407 729 452 quibus
755 408 827 443 dis-

147 449 333 494 putatione
365 451 478 486 dilata
513 452 554 487 de
585 452 685 487 nobis
713 453 828 498 loqui·

146 506 225 530 mur
248 496 303 537 43,
328 496 360 531 4.

77 540 243 576 abnuere:
277 541 445 586 inspicere
475 553 545 578 non
579 543 687 578 abnui
711 543 768 585 24,
795 544 826 580 7.

148 585 330 621 nobilitari
354 598 425 622 non
450 588 576 623 abnuis
601 589 678 631 199,
703 589 734 624 2.

77 630 233 666 abolere:
251 632 370 667 anima
386 633 587 678 frequentia
602 635 827 670 comminuti·

148 677 224 712 onis
256 677 387 712 aboleri
419 680 535 722 potest
566 679 620 722 64,
653 680 685 716 7.
715 680 770 723 78,
794 682 827 717 8.

147 722 305 757 aboleuit
337 723 468 758 uitium
500 724 635 760 uirtute
659 726 826 762 confessi-

147 768 222 803 onis
250 768 324 810 135,
351 769 383 804 6-

72 813 228 858 ,abrupta
252 813 354 849 deuia
379 814 453 857 132,
481 815 510 850 1.

77 858 258 893 abscessus
284 860 368 894 solis
392 859 447 901 49,
474 861 528 895 20.

78 904 254 939 abscidere
291 907 426 957 partem
461 907 611 950 corporis
648 908 703 952 63,
736 909 768 944 7.
795 910 828 945 8.

74 951 694 1076 ὃὸεξξξὲἓὲἔ)11ξρ43,093.7ἓ1>εὲ(1)11130
711 1010 827 1035 rerum

76 1067 291 1132 absque’(=
305 1088 413 1130 sine):
443 1099 474 1121 a.
499 1099 581 1124 cura
611 1090 666 1125 tui
692 1091 746 1134 20,
775 1091 827 1128 12.

147 1143 175 1166 a..
202 1132 359 1167 humoris
394 1133 607 1169 adminiculo
643 1136 697 1178 46,
736 1137 767 1173 2.
797 1148 826 1172 a.

147 1177 313 1222 ambiguo
338 1179 392 1219 55,
421 1179 473 1213 12.
501 1180 554 1223 75,
582 1182 634 1215 14.
662 1192 691 1216 a.
718 1183 827 1217 ambi-

146 1223 286 1268 guitate
310 1223 365 1264 86,
390 1224 445 1259 25.
479 1225 554 1268 106,
583 1226 633 1261 13.
662 1238 691 1262 a.
717 1228 827 1263 furaci

146 1269 376 1304 meditatione
403 1270 476 1312 136,
502 1271 556 1306 24.
582 1282 612 1306 a.
630 1273 748 1308 anima
765 1278 827 1309 etc.

147 1315 201 1354 71,
229 1315 282 1349 12.
307 1315 362 1356 83,
388 1315 442 1349 22.
468 1317 522 1358 88,
550 1318 579 1351 1.
606 1318 680 1359 106,
700 1319 825 1362 5.149‚

145 1360 200 1394 20.
240 1360 315 1401 150,
349 1361 402 1396 25.
443 1362 518 1403 163,
551 1362 583 1398 3.
622 1364 695 1406 174,
726 1365 757 1399 6.
783 1385 826 1390 -

147 1407 205 1449 (=
220 1406 388 1450 praeter):
421 1417 463 1441 ne
495 1408 539 1441 ad
577 1408 825 1445 dediscendum

146 1450 288 1495 quidem
315 1450 445 1496 absque
470 1454 506 1487 te
530 1464 601 1488 uno
620 1455 825 1499 disciplinae

145 1496 276 1531 nobilis
301 1496 396 1531 ullus
421 1497 579 1543 adspirat
603 1499 680 1542 204,
705 1503 736 1535 2.

73 1542 279 1594 abstrahere
318 1542 476 1577 animum
515 1555 534 1578 a
571 1547 744 1590 corporeis
781 1547 825 1582 ad

75 1588 445 1686 abstffiggpffgsserlgg'
470 1590 547 1679 101,
578 1636 610 1670 4.
641 1636 826 1673 abstrusae

144 1688 260 1713 rerum
285 1681 439 1714 rationes
465 1681 540 1723 129,
567 1682 620 1717 16.

76 1724 276 1759 absurditas
302 1724 377 1767 179,
404 1726 457 1760 18.

77 1769 252 1805 absurdus
276 1770 331 1812 57,
361 1770 416 1805 20.

76 1815 254 1850 abundare
286 1816 399 1850 multa
434 1817 662 1854 scientiarum
690 1819 827 1854 talenta

147 1862 222 1904 191,
247 1862 279 1896 5.
303 1872 342 1897 ex
368 1862 563 1898 abundanti
589 1866 643 1899 cst
668 1865 744 1907 104,
772 1866 823 1900 17.

76 1907 221 1941 abusiue
246 1907 314 1942 sibi
339 1907 522 1943 uindicare
546 1910 601 1953 42,
628 1911 681 1945 13.

74 1953 224 1988 abusiuo
250 1953 389 1988 nomine
417 1953 491 1996 145,
517 1955 548 1988 9.

77 1998 195 2043 abyssi
228 1999 415 2034 memoriae
439 1999 495 2044 80,
520 2000 576 2035 26.
602 2001 721 2046 abyssi
745 2013 824 2047 pro-

146 2044 255 2078 funda
279 2045 333 2084 92,
358 2045 390 2079 8.

76 2089 294 2124 academicus
326 2100 438 2125 nouus
471 2091 547 2134 158,
572 2092 604 2127 3.
636 2091 824 2127 academici

145 2135 296 2170 seniores
322 2136 396 2180 180,
425 2136 478 2170 17.
508 2148 538 2172 a.
565 2137 720 2172 iuniores
746 2139 823 2181 180,

78 2226 253 2261 accedere:
286 2226 420 2261 accedit
451 2227 496 2261 ad
526 2227 591 2263 hoc
621 2228 746 2263 liuoris
771 2228 824 2263 in-

145 2273 260 2306 tentio
293 2272 348 2314 22,
375 2273 405 2306 6.
433 2272 547 2307 uitam
573 2274 707 2319 corpori
732 2285 824 2309 acce-

146 2317 223 2352 dere
256 2318 309 2360 73,
337 2317 378 2352 17
410 2318 610 2362 (praecedit
642 2319 824 2354 abscedere

145 2373 165 2397 a
190 2374 340 2408 corpore,
372 2365 434 2398 sed
459 2365 504 2407 cf.
524 2365 733 2410 praefatio).
777 2364 823 2399 si-

147 2411 206 2442 cut
230 2410 274 2443 ad
302 2409 405 2443 illum
431 2411 486 2444 cui
511 2410 664 2455 loqueris
690 2410 823 2445 accedit

146 2453 200 2496 95,
226 2455 257 2489 3.
297 2454 342 2489 ad
366 2456 459 2490 hunc
483 2456 597 2490 locum
627 2467 695 2490 non
722 2455 822 2490 rudis

147 2500 287 2534 accedet
327 2502 403 2542 155,
443 2501 497 2536 23.
558 2511 722 2536 mensura
762 2501 822 2535 ubi
852 2531 855 2545 ,

146 2544 243 2579 locus
297 2547 417 2581 nullus
465 2548 519 2581 est
565 2557 638 2580 non
686 2546 822 2581 accedit

148 2590 224 2632 113,
266 2591 296 2625 7.
354 2591 475 2627 accede
515 2592 710 2627 formatrici
749 2592 822 2626 for-

145 2646 222 2670 mae
249 2636 303 2679 96,
329 2638 384 2673 25.
431 2639 570 2672 animus
594 2648 663 2671 non
689 2637 823 2672 accedit

147 2681 284 2716 inferna
317 2683 392 2724 180,
423 2684 455 2717 5.
488 2683 615 2717 accessi
648 2683 822 2727 reliquum

146 2726 308 2763 lectionis
332 2729 386 2769 24,
413 2729 466 2764 14.
493 2739 562 2772 quo
590 2727 662 2762 tale
685 2728 823 2772 pondus

1556 105 1641 148 213

960 227 1143 262 accesserit
1163 227 1237 271 119,
1254 228 1285 264 5.
1311 229 1389 263 loca
1403 228 1639 264 beatitudinis

960 282 1029 306 non
1068 272 1213 307 accessit
1251 273 1325 314 170,
1359 274 1412 308 11.
1444 274 1488 309 ad
1513 285 1638 320 corpus

961 317 1144 353 accesserit
1175 318 1252 360 154,
1286 318 1336 353 13.
1370 330 1478 364 usque
1503 319 1547 355 ad
1570 322 1640 355 Ae-

960 365 1110 408 gyptum
1143 364 1289 398 accessit
1323 364 1401 406 204,
1434 366 1486 400 14.
1511 385 1557 392 —
1580 365 1640 411 (=

960 409 1139 452 accidere):
1157 409 1273 443 animo
1287 409 1490 444 dominandi
1504 411 1641 446 accedit

959 453 1102 495 (accidit
1136 453 1232 497 GM)
1265 453 1457 489 difficultas
1495 456 1547 498 75,
1584 456 1640 491 20.

960 498 1166 533 aeternitati
1190 499 1365 544 passionis
1383 501 1538 545 tempore
1555 503 1640 536 noui

959 543 1051 578 nihil
1067 544 1213 579 accessit
1228 544 1284 587 28,
1303 544 1365 587 22;
1389 545 1435 589 cf.
1453 547 1561 582 etiam
1575 548 1642 583 sub

959 589 1124 627 accidere.

890 635 1141 670 accessibiliter
1167 635 1222 678 27,
1249 635 1301 671 13.
1327 635 1381 678 28,
1408 636 1461 671 12.
1487 637 1542 680 35,
1567 638 1599 673 2.

891 680 1041 716 accessio
1066 680 1120 721 28,
1148 680 1200 715 13.

891 736 1047 763 accessus
1072 726 1148 768 186,
1177 726 1232 761 22.

892 770 1097 813 accidentia,
1130 781 1169 806 ae
1193 770 1248 814 27,
1273 772 1304 807 6.
1337 771 1392 816 86,
1419 773 1472 808 11.
1498 773 1639 818 plwral.

960 815 1015 859 27,
1041 817 1073 851 3.
1097 816 1129 852 4.
1154 816 1186 851 5.
1212 817 1268 859 29,
1293 816 1348 852 22.
1383 820 1515 863 (neutr.
1537 820 1638 864 plur.

960 862 1155 897 accidentia
1181 862 1257 904 193,
1285 863 1354 908 19).

892 907 1063 943 accidere:
1098 918 1168 943 non
1199 909 1317 942 autem
1350 909 1486 954 aliquid
1511 910 1641 945 accidit

959 953 1021 987 deo
1046 952 1099 996 28,
1127 953 1171 988 14
1195 953 1347 997 (CGM).
1373 966 1450 989 cum
1474 955 1538 990 hoc
1563 956 1642 1001 igni

959 1009 1027 1032 non
1064 998 1203 1034 accidat
1232 998 1288 1042 49,
1319 999 1341 1034 6
1369 1000 1541 1047 (E26M).
1583 1001 1642 1036 cui

961 1044 1156 1088 quamlibet
1194 1044 1286 1079 illud
1325 1046 1461 1081 accidat
1500 1047 1555 1088 54,
1598 1046 1641 1082 17

962 1089 1119 1133 (GGM).
1151 1090 1243 1135 quod
1267 1100 1306 1124 eo
1330 1090 1400 1126 tibi
1429 1092 1561 1127 accidit
1584 1093 1641 1135 52,

960 1135 1016 1171 20.
1048 1135 1141 1179 quod
1178 1135 1309 1170 idcirco
1344 1136 1400 1171 illi
1431 1137 1560 1172 accidit
1584 1137 1640 1179 63,

958 1181 1013 1215 21.
1040 1180 1123 1216 hinc
1146 1180 1275 1216 accidit
1298 1182 1390 1226 quod
1409 1183 1483 1225 191,
1501 1183 1532 1218 6.
1552 1184 1641 1217 acci·

958 1225 1013 1260 dit
1061 1227 1196 1271 corpori
1243 1227 1426 1271 quantitas
1468 1228 1543 1271 193,
1584 1228 1639 1264 20.

960 1271 1126 1306 accidunt
1162 1272 1279 1307 animo
1315 1273 1524 1318 disciplinae
1562 1274 1638 1315 194,

960 1316 1014 1351 20.
1039 1337 1082 1342 -
1107 1317 1268 1352 accidens
1305 1318 1379 1352 eius
1416 1319 1471 1361 28,
1504 1319 1558 1355 14.
1582 1320 1637 1362 86,

960 1363 990 1396 7.
1037 1373 1160 1408 corpus
1208 1364 1410 1398 substantia
1456 1367 1520 1406 est,
1569 1375 1638 1399 non

958 1408 1118 1488 ῗξὲἰᾱείιέε
1145 1407 1220 1451 193,
1249 1409 1301 1444 19.
1314 1410 1413 1454 plur.
1440 1409 1640 1445 accidentia

1027 1480 1034 1496 ,
1110 1482 1117 1489 .

889 1499 1059 1543 accipere:
1097 1499 1233 1544 aliquid
1265 1499 1455 1545 allegorice
1491 1501 1546 1543 58,
1582 1501 1637 1536 21.

959 1555 1079 1579 uocem
1096 1545 1260 1580 ueritatis
1280 1546 1354 1589 105,
1376 1546 1406 1581 1.
1424 1546 1529 1581 finem
1549 1546 1640 1581 liber

958 1590 1091 1634 accepit
1118 1591 1169 1632 19,
1198 1590 1251 1626 19.

890 1637 1092 1671 accusatam·
1116 1647 1204 1671 usus
1227 1637 1368 1671 rarior:
1400 1637 1460 1681 qui
1477 1637 1639 1672 abundat

957 1681 1072 1716 multa
1095 1682 1323 1717 scientiarum
1344 1683 1480 1717 talenta
1505 1683 1580 1726 191,
1606 1683 1638 1718 5.

958 1727 1264 1762 discernendarum
1288 1729 1495 1763 naturarum
1513 1738 1639 1763 causas

956 1772 1136 1861 i21L11grgssuss,
1156 1773 1218 1853 1336
1236 1773 1289 1853 lg).
1307 1773 1489 1826 ‘incurrere
1506 1773 1638 1854 librum

1004 1845 1012 1859 ,
1056 1844 1064 1852 .
1088 1829 1107 1853 c
1127 1846 1134 1854 .
1220 1844 1228 1860 ,
1271 1845 1278 1853 .
1304 1829 1502 1863 inrumpere
1519 1829 1581 1863 par
1602 1830 1638 1854 es

957 1864 1034 1905 115,
1074 1864 1128 1898 12.
1163 1863 1302 1898 animus
1330 1875 1402 1898 non
1426 1864 1560 1899 accedit
1582 1865 1638 1898 in-

957 1908 1057 1943 ferna
1094 1909 1170 1950 180,
1207 1910 1240 1945 5.
1288 1910 1416 1945 accessi
1463 1910 1639 1954 reliquum

957 1954 1121 1989 lectionis
1146 1954 1201 1996 24,
1230 1955 1282 1989 14.
1307 1955 1382 1990 loca
1400 1955 1636 1990 beatitudinis

957 2010 1029 2034 non
1060 2001 1207 2034 accessit
1240 2001 1316 2042 170,
1351 2002 1405 2036 11.
1429 2001 1466 2035 id
1490 2001 1638 2045 inpenso

957 2056 1059 2090 opere
1076 2045 1208 2080 nititur
1225 2046 1280 2088 37,
1298 2046 1353 2080 22.
1370 2046 1459 2082 illud
1473 2045 1639 2080 admone-

957 2090 1049 2125 beris
1065 2091 1121 2133 90,
1139 2092 1170 2126 5.
1192 2091 1234 2125 de
1251 2091 1301 2126 eis
1319 2102 1406 2136 quae
1423 2091 1639 2136 ambigimus

958 2137 1032 2178 191,
1062 2136 1112 2170 13.
1139 2147 1321 2181 corporum
1336 2147 1424 2181 quae
1441 2136 1558 2182 (radii)
1582 2136 1639 2171 in-

956 2182 1107 2216 ciderint
1139 2193 1342 2226 repercussu
1372 2183 1427 2224 45,
1452 2182 1485 2216 9.
1511 2202 1552 2207 —
1578 2182 1639 2216 ad-

956 2228 1145 2262 tentiorem
1159 2229 1324 2262 lectorem
1342 2239 1427 2272 opus
1441 2229 1493 2262 est
1506 2228 1560 2269 65,
1577 2228 1638 2270 153

956 2273 1002 2316 cf.
1029 2273 1136 2307 etiam
1160 2274 1225 2308 sub
1250 2274 1287 2307 in
1316 2284 1394 2308 cum
1420 2283 1529 2307 accus.

888 2319 1122 2354 accusatiuus
1156 2329 1236 2354 cum
1266 2319 1351 2361 infit
1377 2329 1447 2353 non
1471 2318 1538 2352 hoc
1563 2328 1636 2352 esse

955 2364 1072 2408 ipsum
1097 2364 1190 2408 quod
1215 2366 1390 2408 quantum
1422 2373 1495 2398 esse
1510 2388 1518 2396 .
1534 2389 1563 2397 ..
1596 2372 1638 2397 ac

955 2408 1638 2498 tsstsssssseffiffssuffmquffssdni3523]

956 2483 1081 2542 tudo',
1107 2510 1169 2535 nec
1187 2464 1397 2534 11οοἑξζνΙεΛ-ηιιιέ1
1417 2499 1508 2543 quod
1536 2499 1638 2533 lati-

955 2545 1077 2587 tudo,
1103 2556 1167 2580 nec
1189 2546 1384 2580 coloratum
1401 2544 1494 2588 quod
1517 2544 1639 2578 color

956 2591 1051 2635 ipse
1084 2591 1158 2632 193,
1190 2590 1251 2633 21;
1277 2590 1324 2633 cf.
1341 2593 1538 2633 praeterea
1570 2589 1637 2623 sub

957 2636 1090 2672 infinit.

888 2692 983 2716 acer:
1019 2681 1091 2715 acri
1127 2680 1270 2725 ingenio
1306 2680 1384 2720 204,
1419 2680 1471 2714 19.
1502 2679 1637 2713 acriore

957 2727 1040 2761 uisu
1073 2725 1148 2769 150,
1177 2726 1229 2761 14.
1269 2745 1314 2752 —
1349 2725 1464 2760 acrius
1502 2733 1638 2769 permo-
