1884 2998
614 93 670 128 De
694 95 820 129 statu
845 95 1019 130 animae
1051 94 1088 130 11
1113 95 1144 130 3.
1548 95 1628 139 109

170 252 181 263 .
203 221 381 263 ueluti
411 220 681 275 ingentem
712 220 962 262 formicae
992 219 1154 262 farris
1185 232 1424 263 aceruum

169 289 525 343 conpopulant
556 289 740 332 hiemis
770 300 1017 331 memores
1047 289 1267 342 tutoque
1297 289 1575 342 reponunt,

125 371 193 420 sic,
225 369 348 413 homo
377 369 560 412 hominis
590 370 634 412 in
664 369 1003 424 conparationem
1033 369 1347 411 inrationalium
1383 368 1627 423 protoplasti

124 437 237 491 lapse
276 437 458 492 peccato,
500 450 562 479 ne
602 437 770 479 hieme
810 436 938 491 fuga
979 436 1067 479 tua
1108 436 1234 484 fiat,
1281 436 1378 478 fidei
1416 436 1550 478 calore
1586 439 1629 478 et

95 505 258 560 soperis
312 506 531 548 deuotione
578 517 769 560 procures
827 517 874 547 ac
918 505 1072 558 pariter
1120 504 1342 559 intellegas
1386 504 1629 546 formiculae

125 576 166 617 et
196 574 383 627 apiculae
414 575 602 629 ingentes
632 574 791 615 animos
820 584 946 627 paruo
988 584 1153 627 corpore
1183 585 1265 615 non
1296 572 1468 615 includi.
1519 571 1628 614 nihil

125 643 238 685 enim
282 655 482 697 magnum
529 642 685 699 [locale]
729 642 892 696 capitur
933 642 1080 696 exigua
1119 654 1162 684 re
1205 641 1340 690 locali,
1379 641 1421 682 et
1451 652 1628 694 paruum

126 723 271 766 corpus
302 712 425 766 atque
463 712 609 766 ingens
649 713 810 754 animus
851 711 1055 765 apiculae:
1102 723 1183 753 non
1223 722 1319 765 ergo
1350 709 1511 763 capitur
1542 721 1628 751 cor-

126 793 236 834 pore,
279 782 392 822 extra
432 792 476 822 se
515 780 648 834 igitur
678 781 754 822 est.
806 780 877 821 sed
909 782 1025 821 extra
1055 792 1098 821 se
1129 778 1237 821 nihil
1267 791 1356 820 esse
1386 778 1535 832 potest⁷
1567 779 1630 819 est

81 861 223 903 mergo
253 851 366 891 totus
396 848 440 891 in
472 861 649 902 corpore,
686 849 757 890 sed
787 860 987 903 magnum
1019 859 1260 901 corporeum
1291 858 1480 900 corporeo
1502 856 1631 899 paruo

126 930 207 960 non
238 917 414 972 capitur,
446 917 543 971 quia
581 919 670 960 tam
698 929 899 971 magnum
929 917 1061 971 replet
1092 917 1241 967 locum,
1274 928 1397 969 quam
1429 925 1631 968 magnum

128 986 308 1040 quidque
337 986 464 1029 locale
495 987 570 1028 cst.
622 988 694 1027 aut
723 985 857 1039 igitur
896 985 1036 1028 anima
1066 985 1255 1027 inlocalis
1286 987 1328 1026 et
1358 996 1430 1038 per
1460 982 1537 1025 hoc
1567 982 1632 1023 in·

127 1067 319 1110 corporea
359 1055 452 1109 erit,
493 1057 566 1097 aut
611 1067 752 1097 secum
791 1057 881 1097 tota
920 1066 1002 1096 non
1042 1054 1135 1096 erit.
1186 1054 1261 1096 sed
1290 1052 1398 1095 nihil
1429 1063 1517 1094 esse
1549 1050 1632 1092 nisi

127 1136 266 1166 secum
309 1126 461 1178 potest,
502 1123 738 1165 inlocaliter
783 1135 880 1177 ergo
919 1124 964 1165 in
994 1136 1039 1165 re
1070 1134 1200 1177 parua
1244 1134 1310 1164 res
1357 1132 1510 1174 magna
1558 1119 1634 1162 est.

83 1204 209 1239 15n0n
248 1193 379 1247 igitur
419 1192 563 1235 localis
604 1193 669 1234 est
708 1192 872 1235 animus
914 1193 956 1234 et
1000 1192 1105 1234 nihil
1144 1190 1321 1234 inlocale
1367 1200 1632 1243 corporeum:

129 1272 343 1316 corporeus
373 1261 504 1315 igitur
535 1272 617 1302 non
648 1262 725 1302 est.
776 1261 978 1314 quidquid
999 1263 1140 1302 autem
1172 1271 1414 1313 corporeum
1445 1269 1529 1298 non
1560 1258 1633 1304 cst,

129 1342 209 1372 non
239 1329 348 1372 mole
379 1330 626 1372 censendum
669 1332 745 1381 est,
787 1341 869 1371 non
910 1341 1005 1384 crgo
1046 1342 1093 1371 ex
1133 1327 1421 1383 magnitudine
1453 1324 1632 1379 corporis

130 1398 259 1440 animi
295 1397 553 1453 magnitudo,

187 1478 392 1532 Quopiam
442 1489 552 1519 nunc
611 1479 825 1520 uideamus
876 1479 1048 1520 euadas:
1099 1477 1265 1531 apicula
1312 1475 1393 1519 tibi
1441 1473 1636 1528 corporis,

85 1568 120 1595 20
131 1547 311 1589 camelus
352 1546 481 1588 animi
522 1546 856 1601 magnitudinem
896 1549 1033 1601 negat.
1084 1545 1237 1588 uideris
1277 1556 1328 1587 ne
1367 1543 1488 1585 istius
1524 1540 1638 1584 modi

131 1615 359 1658 rationibus
390 1615 596 1658 sententia
626 1614 708 1656 tibi
738 1615 891 1669 placita
920 1614 1108 1657 labascat
1139 1625 1212 1656 nec
1247 1612 1471 1655 secundum
1494 1622 1636 1665 corpo-

268 1774 288 1808 1
313 1774 421 1819 Verg.
446 1774 534 1809 Aen.
559 1774 611 1809 IV
634 1774 702 1809 402
717 1784 767 1819 sq.
907 1775 930 1808 4
954 1773 1088 1809 Matth.
1112 1773 1167 1815 24,
1192 1773 1238 1808 20

201 1924 219 1957 1
245 1923 348 1958 uelut
372 1922 458 1957 libri
477 1926 628 1967 praeter
653 1922 701 1957 M
835 1922 857 1957 2
881 1921 1132 1966 compopulant
1155 1922 1359 1966 DEFMb,
1399 1905 1639 1968 co¹¹npopu1ant

134 1992 179 2033 S,
221 2002 301 2026 cum
326 1991 500 2036 populant
523 1991 598 2027 BG
617 1991 697 2027 Seh.
722 1994 756 2026 et
786 1990 925 2036 Veryili
949 1990 1086 2026 codices
1212 1993 1358 2036 totoque
1382 1992 1438 2034 R,
1477 1993 1638 2037 tectoque

136 2072 170 2107 G
187 2071 268 2107 Sch.
295 2075 330 2107 et
359 2071 462 2117 Very.
494 2071 649 2113 codices,
692 2052 824 2116 uto‘que
855 2072 890 2106 B
1027 2072 1049 2106 3
1084 2071 1239 2106 hominis
1277 2071 1370 2114 Mb,
1411 2072 1527 2107 omnis
1562 2072 1640 2107 rell.

135 2144 169 2175 et
193 2140 276 2176 Sch.
415 2141 677 2184 comparatione
712 2140 793 2184 LS,
834 2140 1114 2185 corporationem
1139 2140 1179 2174 E
1199 2141 1241 2175 in
1264 2151 1378 2186 marq.
1518 2142 1641 2184 proto·

134 2198 268 2242 plausti
300 2198 337 2234 R
473 2198 496 2232 4
527 2198 647 2241 lapsus
679 2195 753 2232 Mb
891 2199 913 2233 5
946 2198 1124 2232 deditione
1145 2209 1173 2242 p
1311 2198 1497 2232 fomiculae
1522 2198 1553 2233 S

135 2256 156 2290 6
180 2265 249 2290 non
273 2265 340 2290 om.
365 2254 557 2289 ABDEF
572 2255 653 2290 δεῇ.
770 2255 790 2289 7
816 2255 927 2290 locale
950 2256 1058 2291 uncis
1081 2255 1230 2298 inclusi,
1266 2265 1333 2290 om.
1358 2255 1465 2297 M¹b‚
1502 2255 1640 2290 illocale

134 2322 314 2356 superscr.
346 2310 409 2346 M²
548 2312 595 2356 et]
629 2315 666 2346 at
699 2312 880 2347 Barthius
1017 2314 1040 2347 8
1076 2312 1229 2357 animus]
1264 2314 1317 2346 est
1348 2312 1433 2346 add.
1467 2312 1548 2347 Seh.

136 2379 272 2404 comma
284 2373 368 2413 post
384 2379 526 2413 corpore
543 2369 708 2412 eaearaui,
727 2373 815 2404 ante
831 2370 945 2414 igitur
961 2370 1231 2415 interpunyunt
1248 2369 1400 2404 editores
1519 2369 1562 2403 12
1586 2370 1641 2404 in·

135 2425 270 2472 localis]
298 2428 352 2461 est
375 2426 461 2461 add.
486 2426 724 2470 ABDEFp²
740 2426 821 2462 Sch.
961 2429 996 2461 et
1027 2437 1093 2462 om.
1118 2427 1191 2461 AB
1328 2425 1393 2460 hoc
1423 2425 1518 2468 Mb,
1556 2425 1642 2460 haec

135 2484 214 2520 rell.
240 2488 274 2519 et
299 2483 379 2519 Βοὴ.
520 2484 562 2518 14
587 2495 696 2528 parua
720 2494 764 2518 ex
787 2494 897 2528 praua
922 2485 958 2520 B
1100 2484 1140 2518 19
1166 2483 1301 2527 copiam
1326 2483 1379 2525 B,
1416 2482 1559 2527 qdpiam
1584 2483 1641 2524 M,

137 2551 304 2586 quorsum
339 2542 457 2575 autem
492 2541 531 2582 b,
573 2551 724 2585 quonam
757 2542 851 2576 coni.
878 2541 958 2577 Sch.
983 2541 1025 2576 in
1047 2541 1156 2582 notis,
1188 2540 1317 2574 cuadas
1342 2550 1435 2574 nunc
1459 2539 1641 2574 uideamus

137 2599 157 2634 b
297 2597 342 2632 20
378 2597 480 2632 uides
516 2599 557 2631 ut
597 2597 630 2632 G
781 2599 826 2632 21
863 2596 1278 2641 sententia—labascat]
1318 2597 1533 2631 sententiam
1570 2596 1642 2631 tibi

138 2654 307 2697 placitam
333 2665 534 2689 euanescere
560 2654 607 2688 M
611 2655 630 2688 b
770 2655 908 2699 placida
939 2653 1234 2690 ABCGH¹L¹R
1371 2663 1434 2688 nec
1458 2653 1543 2689 ΒΜ
1567 2653 1641 2689 edi-

138 2715 251 2754 tores,
277 2711 341 2756 qui
366 2715 450 2747 ante
474 2711 568 2747 hane
591 2712 760 2747 uoculam
783 2712 1083 2758 interroyatz'onis
1105 2712 1250 2755 siynum
1270 2713 1415 2754 ponunt
