1884 2998
1518 112 1612 141 XXV

121 216 312 259 aduertes
342 218 588 258 exarandum
621 217 718 258 erat.
749 240 804 247 ——
838 218 930 270 111,
963 218 986 259 7
1017 221 1064 259 ut
1092 219 1239 261 exinde
1272 221 1345 273 (M,
1377 235 1427 263 ex
1449 221 1492 271 C,
1514 224 1612 264 exin

122 285 231 337 rell.)
257 284 484 338 probatum
503 284 628 327 uelis:
659 285 704 327 M
734 286 847 340 sequi
869 299 951 328 non
981 288 1192 336 debebam,
1225 289 1372 343 quippe
1393 290 1462 342 qui
1485 290 1609 332 etiam

122 353 252 395 altero
283 352 371 394 1000
402 352 504 394 falso
541 355 713 395 eandem
744 366 889 397 uocem
921 355 1113 398 exhibeat
1146 356 1212 408 19,
1248 360 1267 397 1
1299 358 1435 399 multa
1466 358 1613 400 exinde

127 422 180 472 (D
191 422 249 471 M,
281 420 430 463 eschino
459 422 566 474 rell.)
602 422 796 465 deriuare
817 424 988 478 poterit,
1028 425 1099 466 ubi
1129 425 1292 467 lectioni
1323 426 1470 467 exinde
1499 427 1614 469 nulla

123 489 283 532 accedit
314 490 541 532 auctoritas
574 491 728 533 codicis
759 492 794 533 D
817 492 1067 546 testimoniO,
1100 506 1194 535 cum
1216 493 1329 535 facili
1350 495 1513 546 negotio
1535 494 1613 536 iste

123 570 340 600 consensus
372 559 608 612 explicetur,
642 559 677 601 si
708 560 829 602 exinc
859 561 1054 603 deriuare
1084 561 1129 603 in
1159 562 1278 616 libro,
1311 574 1358 604 ex
1380 574 1457 615 quo
1479 563 1514 603 D
1545 562 1614 603 de·

122 627 300 679 scriptus
331 628 403 677 est,
443 627 662 677 exstitisse,
702 628 807 670 unde
839 629 998 670 adscita
1028 630 1234 683 sequentis
1266 630 1454 672 uocabuli
1484 629 1617 683 prima

123 693 285 748 syllaba
315 694 464 736 exinde
494 695 582 736 fieri
612 696 805 750 potuerit,
838 697 1056 738 sumimus.
1108 697 1365 739 scribendum
1396 698 1534 750 itaque
1555 702 1616 739 est

122 763 211 804 1000
242 763 375 816 priore
397 763 508 813 exin,
540 765 766 816 posteriore
795 764 955 806 exhinc.
980 789 1034 796 —-
1057 766 1152 817 112,
1179 766 1229 807 16
1251 779 1354 806 nani
1373 769 1411 806 et
1431 766 1616 807 numeris

129 830 202 884 (M,
235 832 401 872 numeri
431 832 538 886 rell.)
573 833 621 874 in
653 834 893 885 corporibus
923 836 1056 875 certus
1085 836 1145 875 cst
1173 834 1319 875 modus
1341 837 1380 875 et
1396 835 1617 886 pondiculi

124 899 311 941 trutinae
350 902 508 943 certum
537 904 594 943 est
625 902 817 954 pondus:
857 902 1118 945 scribendum
1158 916 1243 944 esse
1275 903 1442 944 numeri
1471 903 1540 945 uel
1571 915 1617 943 ex

120 967 346 1020 pondiculi
389 970 579 1023 genetiuo
627 973 796 1024 apparet
841 983 971 1024 neque
1012 971 1056 1012 in
1095 972 1295 1025 singulari
1334 984 1503 1013 numero
1533 971 1616 1012 11110

124 1040 242 1091 pacto
280 1038 565 1079 offendendum
607 1040 669 1080 est
707 1039 777 1093 (cf.
810 1040 877 1090 92,
909 1040 963 1081 26
995 1043 1113 1092 sqq.).
1145 1065 1201 1070 —
1234 1040 1326 1091 114,
1359 1041 1385 1082 9
1416 1039 1619 1091 quaelibet

123 1119 217 1159 erqo
246 1109 380 1148 terrac
403 1119 513 1159 pars
542 1121 701 1161 inayna
730 1107 799 1149 uel
829 1108 1012 1150 minima
1042 1111 1119 1149 aut
1148 1108 1325 1161 lapillus
1356 1109 1528 1160 exiyuus
1549 1107 1616 1149 uel

123 1175 433 1216 minutissimus
455 1175 738 1228 puluisculus,
771 1176 844 1228 qui
864 1179 1025 1229 puncto
1055 1176 1219 1218 uisibili
1250 1176 1436 1230 continyi
1467 1189 1616 1229 neque-

124 1246 201 1284 ant
232 1244 306 1297 (M,
338 1257 422 1284 non
453 1246 578 1296 queat
606 1245 730 1298 1·011.),
761 1243 914 1286 habent
935 1244 1005 1297 (M,
1038 1244 1156 1286 habet
1175 1246 1282 1297 rell.)
1314 1247 1352 1286 et
1380 1258 1619 1286 mensuram

125 1314 217 1353 eta:
258 1314 519 1353 enuntiatum
550 1312 773 1354 relatiuum
812 1324 893 1354 non
934 1326 1051 1366 posse
1092 1314 1172 1355 nisi
1218 1314 1269 1354 ad
1312 1313 1621 1354 minutissimus

119 1379 390 1433 puluisculus
421 1380 564 1422 referri
596 1393 716 1422 sensu
749 1380 967 1432 euincitur,
1011 1394 1135 1435 quare
1167 1384 1277 1423 certe
1307 1394 1394 1422 non
1424 1384 1551 1434 queat
1580 1384 1620 1423 et

125 1448 168 1489 ni
213 1447 334 1489 fallor
379 1448 506 1489 etiam
550 1447 673 1490 habet
708 1449 972 1490 scribendum
1010 1451 1111 1491 erat.
1146 1474 1195 1479 —-
1231 1450 1324 1499 114,
1364 1450 1420 1490 20
1449 1450 1550 1502 quia
1586 1452 1621 1489 et

126 1529 261 1569 aquae
289 1516 457 1570 guttula
490 1517 564 1569 (M,
595 1518 806 1571 yuttulain
836 1518 962 1572 rell.)‚
1004 1532 1129 1570 quani
1161 1518 1291 1572 diyito
1326 1518 1454 1559 tincto
1485 1520 1622 1559 sustu-

126 1584 237 1636 leris,
261 1585 381 1626 habet
402 1586 473 1638 (M,
496 1585 709 1627 habentem
730 1587 836 1640 rell.)
870 1621 878 1628 .
897 1620 906 1630 .
926 1620 935 1630 .
955 1619 963 1628 .
992 1600 1232 1628 numerum:
1266 1586 1348 1639 Zeye
1364 1586 1564 1638 ponderis
1585 1586 1622 1626 si

126 1653 317 1694 dimittas
346 1667 438 1695 eam
471 1654 543 1707 (M,
576 1667 667 1695 earn
689 1666 768 1695 om.
791 1655 898 1708 rell.)
922 1655 970 1696 in
991 1668 1095 1706 acre,
1127 1667 1213 1696 non
1233 1655 1403 1696 residet:
1437 1667 1514 1695 non
1537 1667 1622 1696 esse

125 1722 348 1776 genuinam
371 1722 520 1764 codicis
541 1723 587 1764 M
617 1723 836 1764 lectionem
867 1723 970 1764 mihi
990 1724 1186 1776 persuasi.
1227 1735 1357 1776 neque
1378 1734 1474 1763 uero
1495 1723 1622 1764 inter·

126 1790 345 1843 polationis
368 1803 492 1833 causa
514 1791 695 1833 difficilis
717 1794 778 1833 est
799 1793 849 1833 ad
871 1792 1207 1846 intellegendum.
1237 1791 1411 1832 offensus
1433 1792 1540 1832 enim
1562 1793 1624 1832 est

128 1861 332 1901 corrector
371 1861 414 1900 in
454 1860 690 1902 accusatiuo
726 1860 937 1913 yuttulam
975 1860 1018 1901 in
1056 1860 1178 1901 initio
1209 1860 1382 1914 protasis
1421 1859 1622 1900 enuntiati

128 1927 423 1970 condicionalis
455 1929 664 1982 collocatO,
696 1930 763 1981 qui
796 1928 839 1969 in
870 1929 1036 1982 apodosi
1067 1928 1240 1970 subiecti
1270 1928 1407 1969 locum
1439 1928 1621 1979 occupat.

129 1996 199 2037 sed
231 1995 318 2048 ipse
340 1995 589 2039 Claudianus
621 1997 750 2039 simili
781 1998 922 2051 utique
953 1997 1070 2038 modo
1103 1996 1203 2038 dicit
1235 1996 1329 2048 123,
1351 1995 1397 2037 3:
1430 1994 1532 2046 quid
1552 1993 1622 2035 lio-

130 2064 315 2106 minibus
343 2064 432 2118 fiat,
469 2078 593 2118 quos
624 2078 718 2106 cum
748 2079 791 2107 co
822 2078 949 2118 usque
982 2065 1153 2106 inscitia
1185 2066 1329 2119 teneat,
1361 2066 1409 2105 ut
1438 2063 1624 2104 indoctos

128 2144 172 2173 se
201 2145 284 2175 esse
314 2134 517 2183 nesciant,
540 2134 736 2176 scientiae
757 2133 1036 2176 nihilominus
1051 2132 1327 2187 priuileyium
1347 2132 1427 2174 sibi
1449 2132 1623 2172 uindi-

132 2203 266 2244 cant.
302 2227 349 2233 —
386 2203 479 2252 137,
515 2203 566 2244 12
609 2203 944 2256 conpotatoribus
983 2204 1218 2255 scripsimus
1259 2214 1351 2243 cum
1382 2200 1552 2241 Barthio
1584 2203 1624 2240 01

133 2268 317 2323 80110110,
350 2272 417 2324 qui
442 2271 620 2313 codicem
646 2271 679 2313 Τ
709 2271 1048 2324 conputatoribus
1073 2270 1271 2321 exhibere,
1305 2270 1409 2322 quod
1431 2268 1558 2308 etiam
1580 2267 1625 2308 M

132 2338 315 2393 praebet,
337 2338 451 2381 dicit.
484 2340 654 2382 eandem
676 2341 784 2381 certe
805 2342 892 2382 ueri
913 2339 1230 2381 similitudinem
1253 2339 1377 2379 habet
1398 2335 1625 2388 conpotori-

132 2404 219 2460 bus,
252 2409 357 2459 quod
379 2420 425 2449 ex
446 2407 697 2461 reliquorum
727 2408 927 2450 librorum
957 2408 1158 2461 scriptura
1188 2404 1480 2458 conputoribus
1512 2403 1624 2444 nullo

133 2474 298 2528 negotio
329 2475 551 2518 lucramur.
588 2501 635 2506 —
674 2477 766 2527 142,
803 2476 853 2517 18
884 2476 1084 2529 quomodo
1113 2475 1258 2516 absens
1288 2485 1453 2525 corpore
1473 2484 1524 2519 cs,
1555 2470 1625 2511 ubi

132 2541 310 2594 spiritus
321 2557 528 2596 praesens
547 2544 619 2598 (M,
640 2545 796 2598 spiritu
809 2557 1007 2597 praesens
1022 2557 1062 2587 es
1079 2543 1185 2596 rell.)
1204 2541 1433 2596 elegantius
1450 2538 1623 2592 quidem,

133 2611 203 2652 sed
243 2623 324 2652 non
363 2613 516 2655 rectius
557 2613 715 2655 dictum
753 2615 827 2665 est,
860 2625 984 2666 quare
1015 2613 1050 2654 si
1080 2611 1170 2666 quis
1201 2611 1375 2652 alteram
1406 2607 1623 2648 lectionem

136 2679 323 2733 estituat,
363 2681 431 2723 uix
462 2682 614 2736 poterit
644 2681 900 2736 reprehendi.
933 2706 987 2713 —
1022 2680 1115 2730 144,
1149 2679 1174 2720 6
1205 2690 1307 2719 nam
1351 2689 1446 2718 cum
1476 2686 1516 2715 se
1549 2674 1619 2726 (M,
