1884 2998
279 124 362 168 186
790 123 1033 158 Claudiani
1057 124 1268 160 Mamerti

833 249 873 291 3.
905 249 975 291 De
1004 248 1217 291 ratione.

334 341 442 382 Item
480 340 753 392 ratiocinatur
791 340 928 382 anima
966 340 1179 382 rationalis
1219 343 1261 382 et
1299 340 1632 384 substantialiter
1669 343 1779 384 inest

276 409 439 451 animae
483 409 721 451 ratiocinari
770 410 812 449 et
849 408 955 450 ratio
1000 409 1268 462 incorporalis
1307 410 1430 463 atque
1468 409 1654 452 inlocalis
1694 413 1777 452 est:

275 476 407 530 igitur
436 476 706 530 incorporalis
737 479 800 518 est
834 477 987 519 anima.

796 590 836 632 4.
867 590 937 633 De
972 590 1257 634 uoluntate.
1806 605 1824 631 ⁵

332 682 441 724 Item
481 683 674 724 uoluntas
714 682 876 723 animae
915 682 1152 724 substantia
1192 683 1279 724 eius
1320 686 1382 724 est
1414 686 1466 734 et,
1499 683 1533 725 si
1563 684 1654 726 tota
1684 684 1778 726 uult

273 751 427 805 anima,
466 752 555 793 tota
594 753 786 793 uoluntas
827 755 889 792 est
930 752 971 792 et
1006 752 1198 794 uoluntas
1230 764 1376 804 corpus
1406 764 1487 794 non
1527 753 1609 794 est:
1649 753 1780 807 igitur

273 819 415 862 anima
445 832 526 861 non
559 822 621 861 est
650 832 808 872 corpus.

809 936 848 977 5.
883 934 948 975 De
984 935 1241 975 memoria.

329 1025 439 1067 Item
479 1025 678 1068 memoria
714 1025 903 1067 inlocalis
943 1026 1145 1078 quaedam
1186 1025 1393 1079 capacitas
1434 1026 1508 1077 est,
1555 1038 1658 1079 quae
1702 1039 1825 1069 116616

273 1093 546 1135 multitudine
577 1093 895 1136 recordabilium
934 1093 1186 1135 distenditur
1224 1106 1299 1136 1166
1337 1094 1549 1147 paucitate
1579 1096 1776 1137 tenuatur

272 1165 316 1204 et
365 1162 673 1216 incorporaliter
723 1162 850 1203 etiam
911 1162 1184 1215 corporalium
1235 1163 1528 1205 reminiscitur.
1589 1164 1632 1204 et
1681 1175 1777 1205 cum

273 1230 465 1272 meminit
515 1231 691 1281 animus,
742 1231 855 1271 totus
901 1230 1092 1271 meminit
1132 1233 1174 1271 et
1211 1233 1323 1272 totus
1369 1232 1569 1273 memoria
1604 1232 1668 1273 est
1706 1232 1777 1285 qui

270 1299 462 1341 meminit
491 1300 605 1341 totus
637 1301 677 1341 et
707 1298 908 1341 memoria
937 1310 1081 1352 corpus
1111 1310 1193 1340 non
1224 1302 1305 1340 est:
1345 1312 1427 1341 non
1465 1299 1596 1354 igitur
1626 1311 1774 1353 corpus

273 1369 338 1409 est
373 1368 547 1409 animus,
1788 1382 1822 1408 15

852 1436 892 1479 6.
926 1437 961 1478 D
974 1448 994 1477 e
1031 1436 1051 1476 t
1060 1447 1084 1476 a
1093 1448 1114 1477 6
1124 1441 1142 1477 t
1155 1448 1195 1478 u.

328 1527 437 1569 Item
482 1539 628 1580 corpus
668 1528 711 1569 in
750 1530 866 1581 parte
908 1528 972 1569 sui
1003 1528 1162 1569 tactum
1194 1527 1252 1570 ibi
1283 1529 1422 1578 sentit,
1469 1527 1540 1570 ubi
1570 1528 1772 1582 tangitur,

270 1596 434 1639 animus
480 1598 621 1639 autem
667 1609 739 1650 per
785 1608 864 1638 non
910 1599 1045 1639 totum
1086 1609 1244 1651 corpus,
1285 1596 1360 1638 hoc
1397 1599 1460 1639 est
1499 1610 1572 1650 per
1610 1598 1775 1650 partem

271 1666 450 1719 corporis
480 1667 593 1707 totus
625 1666 763 1718 sentit,
811 1666 933 1707 huius
965 1666 1076 1707 modi
1101 1678 1197 1707 uer-o
1228 1678 1371 1707 sensus
1402 1665 1591 1707 inlocalis
1631 1667 1695 1708 est
1733 1669 1774 1707 et

270 1745 392 1776 omne
440 1734 614 1776 inlocale
663 1735 949 1788 incorporeum
996 1737 1082 1776 est:
1129 1735 1364 1787 incorporea
1410 1747 1508 1789 ergo
1539 1737 1600 1776 est
1640 1734 1822 1776 omnism

269 1815 423 1846 amma.

662 1883 699 1924 7.
731 1883 801 1925 De
832 1895 1047 1925 accessu
1077 1895 1132 1924 ac
1163 1894 1383 1924 recessu.

327 1974 433 2015 Item
466 1985 611 2027 corpus
641 1986 717 2016 nec
745 1973 1046 2028 adpropinquat
1076 1973 1150 2016 deo
1190 1986 1266 2016 nec
1304 1973 1459 2015 recedit
1493 1985 1517 2014 a
1546 1973 1632 2025 deo,
1685 1973 1774 2015 ani·

270 2055 362 2084 mus
392 2045 534 2084 autem
566 2044 608 2085 et
645 2044 849 2096 proximat
880 2046 921 2084 et
950 2043 1198 2097 longinquat
1237 2042 1491 2083 inlocaliter:
1522 2041 1653 2096 igitur
1682 2041 1773 2083 ani-

268 2123 362 2152 mus
394 2120 541 2165 corpus
572 2123 652 2153 non
684 2113 759 2154 est.
1786 2128 1819 2153 25

853 2215 892 2257 8.
925 2214 995 2255 De
1029 2214 1185 2255 motu.

326 2303 434 2345 Item
466 2315 605 2357 corpus
636 2306 827 2346 mouetur
857 2317 931 2358 per
953 2305 1103 2355 locum,
1130 2304 1292 2345 animus
1324 2303 1463 2345 autem
1494 2313 1564 2356 per
1595 2301 1772 2342 eundem

269 2384 351 2413 non
382 2374 591 2414 mouetur:
624 2374 788 2415 animus
818 2372 948 2426 igitur
977 2384 1057 2413 non
1090 2374 1152 2414 est
1182 2383 1340 2424 corpus.

339 2565 361 2598 2
397 2566 597 2599 rationatur
630 2564 700 2601 RS
862 2563 1089 2598 rationabilis
1124 2563 1162 2599 R
1332 2562 1354 2596 3
1390 2561 1564 2596 rationari
1600 2560 1681 2595 AS¹

269 2622 314 2657 12
341 2621 651 2665 incorporabiliter
675 2622 728 2662 A,
769 2621 997 2665 corporaliter
1023 2621 1058 2656 G
1172 2618 1444 2663 incorporalium
1469 2618 1505 2652 B
1622 2618 1665 2652 13
1690 2617 1774 2661 quia

270 2679 301 2714 S
436 2678 479 2712 17
511 2681 631 2722 partes
661 2678 920 2713 AB¹DEFH¹
1057 2677 1110 2712 ibi
1140 2687 1205 2711 om.
1235 2675 1266 2711 S
1398 2676 1442 2710 18
1466 2677 1584 2709 autem
1610 2685 1675 2709 om.
1700 2673 1774 2708 AB

267 2736 420 2771 DEFR
437 2735 516 2771 Sch.
655 2746 725 2770 non
750 2746 810 2780 per
832 2736 872 2771 D
1009 2735 1054 2770 22
1079 2734 1232 2779 accessu]
1257 2743 1356 2768 cessu
1379 2731 1575 2767 ABGH'R
