1884 2998
1539 70 1601 99 XV

107 176 242 229 defore
282 177 346 226 M,
394 176 460 228 66,
497 177 514 215 1
557 176 595 217 si
636 175 839 217 aliorsum
879 179 1051 218 mentem
1089 179 1254 220 oculum
1290 180 1445 220 scilicet
1480 192 1601 221 suum

109 244 295 299 uerterit]
336 245 376 284 si
411 244 531 285 aliud
562 257 733 285 rursum
765 245 951 298 coysitans
981 249 1113 287 mente
1144 247 1228 288 alio
1259 247 1422 289 oculum
1452 248 1604 289 scilicet

110 326 142 355 6.
174 326 214 354 u.
249 314 306 366 M,
342 313 435 363 127,
469 312 522 354 15
550 325 678 365 super
708 312 773 353 his
802 326 889 353 non
919 315 1255 395 amymentabor]
1287 328 1411 367 super
1440 315 1507 356 his
1535 316 1604 358 de-

111 403 431 457 aryumentabor
460 402 507 444 M
538 406 645 456 (erat
676 403 763 444 sine
794 403 916 445 dubio
947 378 1073 457 suffer
1103 405 1167 446 his
1198 419 1239 446 n.
1272 420 1324 457 a„
1357 410 1402 448 111
1438 407 1528 459 128,
1555 407 1606 448 12

156 471 190 497 da

111 519 236 559 super
265 506 414 547 anima
444 506 485 547 in
517 506 562 547 M
584 506 748 559 exstat),
785 506 880 556 133,
914 507 935 548 7
971 507 1086 549 lucas
1106 508 1238 563 boues]
1270 508 1411 550 beluas
1432 512 1469 549 et
1491 509 1606 551 boues

110 575 228 617 lucas
259 575 315 616 M.

196 655 287 697 Iam
327 654 362 695 si
402 654 658 707 reputaueris
699 655 823 696 etiam
863 655 1014 697 omissa
1045 668 1132 697 esse
1163 656 1298 698 multa
1329 669 1399 709 per
1433 669 1610 699 errorem

111 724 154 764 in
186 724 321 765 codice
351 722 409 775 M,
441 723 557 763 uelut
591 724 655 770 10,
687 723 714 764 5
745 723 968 764 secandum
988 747 1043 754 ——
1064 735 1239 776 corpora
1269 737 1348 765 om.
1382 723 1458 775 M¹,
1495 726 1557 778 18,
1585 725 1610 766 2

111 793 151 832 et
179 791 333 843 optimo
368 790 485 844 (M1),
532 790 598 841 19,
630 790 656 831 2
688 803 831 831 amnes
863 789 985 846 (Ml),
1027 792 1095 841 27,
1127 792 1153 833 3
1183 791 1418 833 accidentia
1442 816 1489 821 —
1513 793 1611 845 quia

113 859 229 914 (M1),
260 860 328 913 29,
351 858 378 900 5
403 859 911 914 conpatientes—sensit,
945 859 1011 909 31,
1043 860 1096 901 21
1118 860 1353 901 nullam—
1370 860 1474 902 lucis
1497 861 1610 916 (M1),

112 928 179 982 32,
216 929 265 968 11
297 927 335 968 si
365 927 428 968 ita
444 950 498 957 —-
515 939 601 968 non
614 927 756 980 potuit
779 926 888 981 (M¹)‚
921 928 988 980 35,
1010 927 1036 968 3
1057 927 1290 969 humanum
1307 953 1356 958 —
1376 929 1612 982 delinquere

114 995 232 1049 (M1),
264 996 331 1049 44,
365 996 391 1037 9
413 995 968 1050 traheiztz'a—inuisibilia,
1006 996 1099 1046 122,
1134 997 1184 1037 12
1215 996 1612 1048 huius—saeculis,

113 1066 165 1108 cf.
193 1066 260 1116 38,
293 1065 331 1106 3.
365 1065 430 1107 21.
463 1063 531 1114 39,
566 1065 632 1106 12.
680 1065 749 1116 42,
792 1065 856 1106 13.
904 1065 972 1117 48,
1015 1066 1080 1114 10,
1112 1078 1236 1118 quam
1267 1068 1383 1107 caute
1413 1066 1517 1107 liber
1547 1067 1615 1108 1116

113 1133 334 1187 singularis
366 1145 447 1174 11011
477 1132 614 1174 minus
645 1132 766 1174 bonis
797 1132 1043 1175 lectionibus
1074 1135 1139 1174 sat
1169 1133 1313 1175 multis
1334 1146 1458 1187 quam
1488 1134 1614 1175 inter-

114 1201 262 1255 polatis
294 1201 362 1242 uel
392 1202 599 1243 mendosis
632 1201 742 1242 haud
763 1200 904 1254 paucis
924 1201 1097 1255 insignis
1119 1201 1174 1242 sit
1195 1201 1448 1244 adhibendus
1471 1204 1615 1257 sponte

115 1270 345 1324 intelleges

174 1349 293 1390 Hanc
325 1351 464 1391 autem
494 1349 642 1390 miram
674 1349 970 1400 condicionem,
1003 1362 1050 1391 ex
1080 1362 1159 1402 qua
1188 1349 1293 1391 liber
1317 1349 1540 1403 Lipsiensis
1571 1363 1616 1392 ex

118 1418 273 1471 optimo
320 1417 486 1470 quidem
528 1417 654 1467 fonte,
702 1418 818 1459 cuius
864 1419 988 1459 etiam
1035 1430 1142 1459 1111116
1182 1418 1413 1460 certissima
1456 1419 1617 1461 exstant

118 1486 286 1536 indicia,
336 1486 556 1538 deriuatus,
608 1488 676 1528 sed
728 1487 961 1540 temporum
1012 1487 1183 1528 decursu
1232 1486 1616 1540 interpolationibus

118 1555 274 1597 lacunis
319 1554 478 1596 mendis
528 1553 748 1596 cuiuslibet
802 1554 963 1608 generis
1015 1555 1190 1607 pessime
1245 1554 1481 1608 inquinatus
1534 1567 1617 1597 6666

118 1625 327 1677 putandus
360 1625 436 1674 est,
470 1621 691 1664 Claudiani
724 1622 851 1664 libros
881 1624 1109 1664 recensenti
1130 1623 1238 1664 haud
1260 1635 1406 1676 paruas
1428 1623 1618 1676 praebere

120 1690 388 1733 difficultates
420 1693 602 1745 apparet.
642 1691 761 1732 bonis
793 1690 902 1732 enim
934 1690 1191 1742 lectionibus,
1224 1692 1370 1744 quibus
1401 1691 1445 1732 M
1475 1692 1618 1732 ceteris

121 1759 241 1801 libris
271 1762 468 1814 praestat,
502 1759 697 1812 deceptus
728 1760 890 1812 saepius
914 1760 1118 1812 quispiam
1150 1759 1274 1801 etiam
1298 1760 1355 1801 eis
1381 1760 1494 1810 locis,
1527 1760 1618 1812 qui-

120 1828 198 1870 bus
246 1828 432 1870 codicum
481 1829 646 1881 praeter
690 1827 735 1870 M
780 1828 986 1881 scriptura
1031 1828 1185 1880 optime
1231 1827 1329 1869 ferri
1370 1831 1516 1881 potest,
1548 1828 1619 1869 uni

120 1896 247 1939 codici
277 1896 483 1950 Lipsiensi
514 1896 625 1938 iusto
655 1897 854 1938 maiorem
890 1897 1132 1938 concesserit
1161 1897 1476 1938 auctoritatem:
1521 1897 1619 1949 quin

121 1977 194 2019 ego
224 1965 325 2018 ipse,
358 1977 437 2018 quo
469 1965 633 2018 saepius
666 1964 883 2006 Claudiani
916 1964 1040 2006 libros
1071 1964 1222 2017 relego,
1263 1964 1328 2006 hic
1362 1964 1451 2006 illic
1482 1965 1619 2017 paullo

121 2034 256 2087 magis
287 2033 562 2086 suspiciosum
583 2045 649 2074 me
671 2045 756 2074 esse
777 2033 961 2075 debuisse
991 2033 1033 2073 in
1057 2031 1154 2073 libri
1184 2032 1230 2074 M
1259 2032 1456 2073 lectiones
1488 2033 1619 2086 magis

122 2102 338 2155 magisque
379 2101 484 2142 mihi
523 2103 756 2154 persuadeo.
805 2114 913 2143 nunc
955 2101 1065 2142 enim
1104 2113 1176 2154 pro
1208 2101 1315 2142 certo
1345 2100 1540 2141 habemus
1571 2102 1619 2141 ad

122 2181 212 2210 eam
243 2182 431 2211 normam
461 2172 593 2212 artem
623 2170 810 2212 criticam
841 2172 882 2212 in
915 2169 1134 2212 Claudiano
1155 2170 1358 2211 Mamerto
1384 2181 1472 2210 esse
1502 2168 1620 2209 facti-

122 2237 307 2287 tandam‚
347 2242 394 2279 ut
425 2238 460 2279 si
490 2238 596 2279 nihil
633 2238 802 2292 reperiri
841 2238 983 2292 possit,
1025 2250 1103 2291 quo
1139 2237 1286 2279 codicis
1316 2237 1361 2278 M
1391 2236 1619 2285 lectionem,

125 2307 315 2360 quamuis
345 2320 418 2360 per
457 2320 499 2348 se
541 2309 727 2361 spectata
768 2308 869 2349 bene
909 2306 1094 2359 quadret,
1136 2305 1387 2358 reliquorum
1426 2305 1620 2345 librorum

124 2386 323 2417 consensu
359 2375 702 2428 praestantiorem
741 2387 828 2417 esse
866 2374 1074 2429 probetur,
1115 2374 1164 2415 de
1204 2373 1390 2426 eligenda
1419 2372 1622 2424 scriptura

125 2442 327 2484 iudicium
349 2444 490 2486 contra
510 2444 569 2494 M,
605 2445 748 2497 utpote
770 2442 1101 2497 interpolationis
1122 2441 1188 2483 uel
1209 2442 1343 2493 potius
1364 2439 1621 2482 correctionis

126 2512 357 2565 suspicione
396 2524 476 2554 11011
506 2511 720 2563 maiorem,
761 2511 951 2554 feramus.
1004 2509 1039 2551 si
1070 2521 1165 2551 uero
1204 2508 1368 2550 lectioni
1399 2508 1549 2550 codicis
1579 2507 1622 2548 M

126 2580 283 2623 accedit
314 2580 486 2622 alterius
516 2581 613 2623 libri
643 2581 938 2633 testimonium,
969 2590 1049 2620 non
1080 2578 1164 2619 sine
1204 2575 1460 2630 grauissimis
1490 2576 1621 2617 causis

129 2649 178 2691 ab
225 2661 364 2692 eorum
410 2649 586 2692 lectione
633 2648 843 2691 communi
887 2645 1159 2689 recedendum
1198 2647 1271 2687 est.
1321 2644 1459 2698 itaque
1503 2643 1622 2685 liceat
