1884 2998
225 171 256 200 X

226 282 535 335 conscripsisset
569 281 637 335 (cf.
658 293 751 335 pag.
774 281 842 333 25,
864 281 925 333 5),
956 280 1062 323 illud
1084 280 1291 335 epistulae
1321 282 1602 338 fragmentum
1630 296 1725 327 mox

226 351 269 392 in
306 351 526 405 peculiaris
565 350 701 392 libelli
741 350 918 391 formam
957 349 1110 391 abiisse
1152 361 1232 391 non
1272 353 1335 392 est
1375 352 1484 404 quod
1513 352 1725 402 miremur,

227 432 305 472 qua
335 421 385 461 de
406 432 449 460 re
470 418 757 461 testimonium
777 417 1155 459 luculentissimum
1177 418 1310 460 exstat
1334 421 1442 473 apud
1466 418 1726 462 Gennadium

226 488 275 529 de
305 487 575 540 scriptoribus
607 486 894 529 ecclesiasticis
917 497 1006 538 cap.
1028 485 1104 527 85:
1136 485 1214 539 leyi
1243 487 1333 528 eius
1367 488 1545 542 (Fausti)
1581 491 1618 529 et
1648 488 1725 530 ad-

225 568 371 597 uersus
401 555 590 597 Arianos
627 557 666 596 et
705 553 1044 595 Macedonianos
1080 567 1274 606 paruum
1317 555 1515 606 libellum,
1561 557 1610 598 in
1648 569 1727 610 quo

226 624 530 665 coessentialem
561 622 785 676 praedicat
825 622 1061 663 trinitatem
1092 623 1245 675 (prima
1277 626 1317 665 et
1356 625 1485 666 altera
1525 626 1726 678 epistulae

224 694 348 748 pars),
379 695 417 734 et
446 692 582 733 alium
612 691 817 733 aduersus
847 703 925 743 603,
957 690 1030 743 qm·
1060 691 1204 732 dicunt
1225 704 1307 733 esse
1336 693 1385 734 iri
1405 693 1611 735 creaturis
1641 693 1726 735 ali-

225 762 328 814 quid
387 762 679 814 incorporeum
730 760 874 812 (tertia
925 759 1128 814 epistulae
1178 761 1306 815 pars).
1382 763 1573 814 quamuis
1628 775 1725 804 uero

226 831 429 874 Gennadii
469 831 553 871 iam
592 829 847 882 temporibus
878 829 922 870 in
951 829 1053 870 duos
1085 829 1310 882 peculiares
1350 830 1516 871 libellos
1547 830 1727 884 epistula

226 898 358 940 diuisa
387 898 524 950 fuerit,
557 899 697 939 tamen
718 897 914 939 Mamerti
947 897 1106 940 codices
1127 898 1228 951 quin
1258 898 1382 940 initio
1405 911 1496 940 eam
1519 900 1727 955 integram

226 967 487 1008 exhibuerint
525 965 707 1008 dubitari
745 978 826 1007 non
865 968 1014 1019 potest,
1054 966 1174 1019 quod,
1218 979 1466 1020 quamquam
1506 979 1633 1021 usque
1675 968 1727 1009 ad

224 1048 317 1090 pag.
347 1036 413 1085 37,
438 1035 491 1077 10
521 1036 664 1076 contra
693 1034 874 1087 priorem
903 1034 1022 1075 illam
1052 1037 1213 1088 partem
1242 1035 1429 1089 disputat
1458 1035 1724 1084 ClaudianuS‚

225 1106 273 1146 de
303 1116 383 1145 uno
414 1104 581 1145 tantum
612 1102 758 1144 Fausti
789 1102 1014 1144 aduersarii
1045 1102 1186 1145 libello
1218 1104 1344 1145 uerba
1374 1104 1489 1145 facit.

278 1218 389 1259 Haec
438 1231 532 1259 uero
579 1218 613 1259 si
657 1229 738 1259 non
784 1218 884 1259 satis
928 1230 1188 1260 communem
1239 1217 1443 1259 librorum
1489 1218 1725 1260 nostrorum

224 1287 490 1340 archetypum
532 1287 712 1328 indicare
752 1286 961 1336 uidentur,
1007 1287 1124 1328 adest
1169 1287 1348 1327 alterum
1388 1286 1511 1340 idque
1556 1288 1723 1341 grauius

224 1356 526 1408 argumentum.
583 1355 738 1396 etenim
783 1368 832 1396 ne
879 1355 1047 1396 tertiam
1098 1354 1265 1408 quidem
1315 1355 1475 1407 partem
1526 1356 1725 1407 epistulae

223 1423 425 1476 integram
456 1424 653 1476 praebent
684 1422 844 1465 codices
874 1424 1017 1475 nostri,
1058 1435 1154 1465 cum
1185 1423 1287 1464 satis
1320 1436 1472 1477 magna
1502 1425 1651 1465 lacuna
1681 1424 1725 1466 in

223 1493 356 1533 medio
387 1492 598 1534 enuntiato
640 1492 863 1545 incipiente
895 1491 966 1546 (cf.
1003 1491 1065 1544 16,
1098 1492 1253 1545 3-17,
1287 1492 1356 1544 14)
1398 1492 1600 1544 laborent,
1643 1505 1723 1546 qua

222 1562 266 1602 in
296 1561 443 1603 lacuna
473 1574 575 1615 quae
607 1563 823 1603 exstabant
853 1575 877 1604 a
908 1561 1135 1604 Claudiano
1166 1562 1259 1615 plus
1290 1573 1371 1602 uno
1402 1562 1489 1603 loco
1525 1562 1594 1615 (cf.
1628 1562 1723 1611 105,

226 1631 277 1672 15
299 1630 405 1684 sqq.)
452 1631 744 1683 respiciuntur.
801 1632 876 1673 hoc
919 1631 1049 1684 igitur
1094 1631 1297 1684 peculiare
1341 1630 1554 1684 archetypi
1595 1630 1722 1672 detri-

224 1701 409 1741 mentum
439 1698 566 1741 fuisse
597 1700 708 1741 omni
741 1699 1000 1741 dubitatione
1032 1700 1165 1741 maius
1198 1700 1274 1741 est.
1325 1700 1396 1741 sed
1428 1699 1526 1741 haec
1557 1699 1724 1740 interim

223 1767 430 1810 sufficiant
475 1768 526 1810 ad
572 1769 917 1822 comprobandam
963 1780 1222 1810 communem
1268 1768 1452 1809 codicum
1498 1767 1721 1821 originem:

224 1836 272 1877 de
317 1836 570 1891 reliquorum
616 1838 859 1879 mendorum
906 1837 1206 1886 communione,
1258 1850 1373 1891 quae,
1422 1836 1503 1877 nisi
1550 1849 1597 1878 ex
1642 1848 1722 1877 uno

226 1917 365 1946 omnes
395 1905 491 1948 libri
512 1906 805 1949 descenderent
827 1906 1060 1962 archetypo,
1083 1906 1277 1961 explicari
1297 1918 1377 1947 non
1398 1909 1547 1958 posset,
1579 1907 1724 1960 postea

223 1973 482 2016 disseremus.

279 2078 524 2120 Accedimus
564 2079 649 2121 iam
687 2082 738 2122 ad
776 2081 1097 2134 uniuscuiusque
1136 2080 1234 2122 libri
1278 2080 1459 2133 pretium
1490 2078 1721 2121 accuratius

222 2147 512 2191 definiendum.
560 2149 668 2191 mira
698 2152 837 2192 autem
867 2150 947 2192 hac
977 2152 1020 2192 in
1041 2163 1085 2192 re
1106 2150 1292 2192 codicum
1314 2150 1375 2190 est
1397 2148 1592 2197 condicio,
1624 2159 1722 2188 nam

222 2227 301 2268 quo
332 2217 501 2270 quisque
532 2220 593 2259 est
623 2219 838 2270 recentior,
872 2232 918 2261 eo
949 2219 1033 2261 fere
1054 2222 1115 2261 est
1135 2219 1365 2273 pretiosior.
1407 2217 1589 2271 optimus
1611 2216 1721 2257 enim

221 2284 327 2325 liber
356 2285 400 2326 M
432 2288 496 2326 est
533 2298 638 2327 saec.
669 2286 889 2339 XI—XH,
933 2300 1055 2342 quem
1093 2288 1161 2341 qui
1201 2286 1385 2329 bonitate
1417 2284 1722 2338 subsequuntur

221 2351 298 2394 OG
330 2354 426 2394 sunt
457 2365 561 2395 saec.
584 2354 657 2408 XI,
690 2355 754 2396 his
784 2356 1039 2410 adiungendi
1071 2357 1268 2398 uidentur
1298 2354 1396 2396 libri
1427 2354 1512 2395 RH
1543 2365 1649 2395 saec.
1668 2353 1721 2406 X,

223 2421 255 2462 L
277 2433 381 2462 saec.
403 2423 442 2463 X
463 2424 659 2474 exeuntis,
683 2423 710 2466 S
731 2436 835 2466 saec.
856 2425 931 2477 XI,
963 2427 1073 2467 inter
1094 2425 1315 2467 deteriores
1338 2424 1463 2466 libros
1484 2422 1721 2464 referendus

223 2491 285 2531 est
314 2490 354 2531 A
390 2502 494 2532 saec.
527 2491 655 2532 VIIII
695 2505 789 2533 cum
818 2493 854 2534 B
885 2506 990 2535 saec.
1020 2494 1060 2536 X
1103 2492 1339 2547 incipientis
1378 2493 1418 2533 et
1450 2490 1583 2532 DEF.
1650 2490 1721 2532 sed

222 2557 321 2599 haec
351 2558 495 2599 statim
526 2559 659 2601 fusius
689 2563 916 2604 tractemus
948 2563 1002 2614 et,
1043 2574 1122 2616 quo
1154 2560 1412 2616 cognationis
1442 2559 1605 2601 uinculo
1636 2559 1722 2600 sin-

223 2625 313 2680 guli
356 2626 463 2668 inter
494 2640 536 2668 se
580 2627 677 2669 libri
717 2629 926 2672 coniuncti
957 2631 1056 2681 sint,
1098 2642 1346 2684 exponamus
1386 2631 1558 2682 oportet.
1610 2641 1722 2671 nunc

222 2695 374 2744 autem,
406 2706 482 2747 quo
503 2696 652 2737 melius
684 2698 979 2751 disputationis
1011 2701 1175 2742 nostrae
1205 2698 1310 2742 ratio
1341 2697 1615 2751 perspiciatur
1645 2697 1721 2738 hoc

220 2774 399 2817 propono
441 2763 629 2805 codicum
659 2767 849 2818 stemma,
890 2768 998 2820 quod
1028 2770 1140 2810 recte
1170 2780 1235 2810 me
1267 2765 1498 2820 depinxisse
1531 2778 1578 2806 ex
1608 2777 1718 2807 com-
