1884 2998
224 117 305 160 120
731 114 972 151 Claudiani
1000 115 1210 150 Mamerti

918 240 1021 294 VII.

221 366 415 397 PAGANIS
447 367 616 397 VTITVR.
646 367 858 398 TESTIBVS
888 367 1065 398 NVLLAS
1096 368 1145 398 IN
1169 367 1312 397 ANIMA
1334 366 1597 398 CORPOREAS
1618 368 1722 399 ESSE

547 435 786 466 MENSVRAS
818 436 906 465 VEL
938 435 1136 466 LOCALIA
1168 436 1396 466 PONDERA.

281 527 359 569 Sed
384 527 580 581 quoniam
611 539 718 569 nunc
748 529 909 580 tempus
940 527 1052 569 aliud
1078 530 1152 576 est,
1184 539 1310 580 quam
1333 528 1378 568 ut
1399 527 1449 568 de
1470 527 1721 581 quaestionis

223 596 344 637 huius
374 594 703 648 praeeminentia
743 594 946 648 copiosius
978 595 1250 648 disputemus,
1293 595 1460 637 tantum
1490 596 1652 638 scilicet
1681 597 1723 638 in
1752 611 1769 637 5

222 663 286 706 his
317 666 501 706 moratus
534 676 639 712 sum,
678 668 882 717 quantum
913 663 1181 717 prudentibus
1203 663 1306 706 satis
1327 663 1515 719 arbitror,
1547 678 1626 718 quo
1649 665 1723 706 ad-

221 732 343 786 plene
375 732 623 786 cognoscant
653 732 788 773 nullas
821 733 862 778 in
893 731 1035 773 anima
1060 744 1272 785 corporeas
1296 745 1384 774 esse
1405 745 1619 775 mensuras
1656 734 1723 775 uel

222 800 370 843 localia
409 801 592 854 pondera
633 800 700 842 uel
737 801 919 853 partium
959 800 1106 852 spatia,
1158 801 1228 842 sed
1258 801 1364 842 illud
1396 801 1446 842 ab
1478 814 1525 843 ea
1554 801 1723 856 percipi,

223 869 331 923 quod
370 881 444 910 nec
483 869 596 910 locus
638 869 750 921 capit
793 880 868 909 nec
911 869 1068 921 pondus
1099 871 1238 910 mouet
1268 881 1343 910 nec
1374 870 1525 911 diuisio
1557 870 1721 922 minuit,

222 939 341 979 modo
379 938 439 985 tu,
480 936 636 978 arbiter
676 937 806 986 docte,
846 936 1086 990 probaueris
1125 937 1278 979 iustam
1309 951 1463 991 gnarus
1494 938 1599 980 ferre
1629 952 1723 981 sen·
1737 955 1770 979 ιο

143 998 157 1009 ‘
222 1004 412 1054 tentiam,
445 1016 552 1046 anne
583 1006 637 1046 sit
666 1005 778 1046 locus
810 1005 918 1058 quod
952 1005 1126 1047 inlocale
1156 1006 1316 1059 recipit,
1348 1019 1400 1049 an
1431 1007 1584 1060 partile
1615 1008 1723 1061 quod

222 1074 353 1116 secari
395 1073 551 1126 nequit,
583 1085 634 1114 an
670 1074 948 1115 mensurabile
979 1075 1087 1127 quod
1118 1074 1327 1116 infinitum
1360 1076 1481 1128 capit.
1534 1088 1642 1117 nunc
1672 1076 1723 1117 ad

222 1141 458 1185 Philolaum
480 1141 612 1192 redeo,
645 1153 669 1183 a
694 1154 772 1195 quo
794 1141 949 1183 dudum
972 1154 1122 1196 magno
1142 1143 1365 1184 interuallo
1388 1143 1595 1198 digressus
1616 1157 1722 1194 sum,

224 1210 295 1263 qui
325 1210 367 1251 in
391 1209 516 1251 tertio
548 1209 822 1260 uoluminum,
847 1221 947 1262 quae
978 1208 1077 1264 περὶ
1108 1212 1287 1264 ῥυθμῶν
1315 1210 1387 1252 καὶ
1416 1210 1583 1267 μέτρων
1603 1224 1723 1265 prae-

223 1279 356 1327 notat,
387 1279 436 1320 de
469 1278 609 1318 anima
638 1278 822 1318 humana
852 1277 913 1319 sic
943 1277 1146 1330 loquitur:
1179 1278 1352 1320 anima
1382 1280 1588 1321 inditur
1619 1292 1723 1322 cor-
1738 1297 1771 1322 15

224 1347 336 1401 pori
366 1359 454 1400 per
487 1358 756 1387 numerum
787 1346 835 1387 et
864 1345 1194 1388 inmortalem
1222 1347 1536 1402 eandemque
1558 1348 1723 1391 incor-

222 1415 455 1468 poralem
505 1414 945 1456 conuenientiam.
1007 1414 1108 1456 item
1159 1416 1251 1468 post
1304 1416 1408 1458 alia:
1461 1417 1725 1471 diligitur

223 1495 408 1538 corpus
441 1485 500 1526 ab
532 1484 721 1532 anima,
755 1483 873 1536 quia
904 1483 1016 1524 sine
1047 1495 1098 1524 eo
1123 1495 1223 1525 non
1253 1485 1432 1537 potest
1463 1485 1724 1527 utisensi-

222 1552 327 1595 bus,
373 1563 397 1592 a
428 1563 526 1605 quo
571 1554 848 1606 postquam
896 1554 1060 1593 morte
1106 1553 1328 1595 deducta
1375 1557 1474 1604 est,
1521 1555 1629 1608 agit
1673 1555 1725 1596 in

221 1623 415 1664 mundo
459 1621 857 1675 incorporalem
902 1621 1078 1663 uitam.
1125 1633 1205 1663 non
1252 1634 1325 1675 ego
1368 1634 1477 1663 nunc
1516 1624 1772 1664 rationum2o

221 1689 435 1731 tramitem
468 1691 509 1731 et
539 1689 856 1731 nexuosissimas
888 1689 1180 1742 quaestionum
1205 1689 1404 1732 minutias
1427 1690 1609 1740 reuoluo,
1632 1690 1725 1744 qui-

221 1757 300 1799 bus
345 1758 445 1800 haec
482 1757 717 1811 probabilia
761 1770 840 1810 quo
880 1758 994 1799 uoles
1035 1758 1282 1799 aduersante
1320 1759 1535 1800 Philolaus
1583 1758 1724 1801 efficit.

223 1826 264 1868 in
297 1838 401 1880 quae
434 1826 469 1867 si
499 1826 588 1880 quis
620 1826 687 1868 uel
719 1825 959 1867 curiositate
994 1826 1062 1867 uel
1093 1826 1231 1868 studio
1262 1826 1368 1868 forte
1403 1826 1653 1882 flagrauerit,
1677 1829 1725 1869 de

292 2020 314 2054 5
338 2019 574 2063 preminentia
599 2019 674 2060 RS,
710 2018 908 2063 pminentia
934 2018 969 2053 R
1062 2018 1083 2051 6
1108 2017 1223 2062 quoad
1248 2017 1349 2061 plene
1372 2018 1536 2062 plerique
1561 2019 1725 2061 editore&

223 2086 290 2120 quo
315 2076 416 2120 plene
436 2087 475 2120 p,
511 2076 603 2120 quod
628 2076 673 2110 ad
696 2077 800 2119 plene
823 2075 900 2110 BD
1029 2075 1072 2109 10
1096 2075 1298 2119 probaberis
1323 2076 1409 2111 AM
1416 2076 1435 2110 b
1569 2076 1666 2111 iusta
1690 2077 1727 2112 R

223 2133 301 2168 Sch.
327 2134 370 2168 in
393 2137 517 2175 textu,
558 2133 692 2167 iustam
716 2133 810 2168 idem
834 2134 875 2167 in
899 2133 995 2167 notis
1134 2132 1279 2177 ignarus
1313 2133 1398 2168 libri
1415 2136 1564 2176 praeter
1589 2133 1728 2169 EUM

223 2194 256 2225 et
281 2190 361 2225 Sch.
480 2192 519 2225 11
546 2201 592 2225 an
608 2191 722 2225 nescit
747 2192 782 2225 A
898 2190 943 2225 14
966 2201 1054 2235 quae
1079 2200 1144 2224 om.
1169 2190 1442 2233 BDFHLMS,
1482 2191 1575 2235 quod
1599 2191 1636 2225 A

225 2248 343 2280 ΠΕΡΙ
371 2247 589 2281 PYTMON
616 2247 997 2289 ABGDEFHLRS,
1043 2248 1165 2280 HEPI
1191 2247 1427 2283 ΑΡΙΘΜΟΝ
1457 2248 1501 2289 G,
1542 2247 1727 2291 epithmon

223 2305 284 2347 M,
332 2304 486 2348 ῥυθμῶν
523 2306 668 2348 (omisso
703 2305 801 2349 περί)
837 2306 858 2339 b
995 2306 1103 2338 KAH
1134 2305 1358 2338 MHTPON
1388 2303 1587 2347 ABDEF‚
1628 2306 1727 2338 KAE

221 2385 442 2418 METPON
463 2384 651 2427 CHLRS,
693 2385 780 2418 ΚΑΙ
802 2385 1012 2418 METPOY
1037 2385 1082 2428 G,
1122 2395 1306 2429 camenpon
1331 2384 1379 2418 M
1517 2385 1560 2419 15
1589 2367 1727 2419 inditur

228 2442 265 2482 G,
306 2442 486 2485 indigitur
510 2443 557 2482 R,
596 2441 745 2476 indutur
776 2442 817 2484 G,
858 2442 1020 2476 induitur
1045 2444 1090 2486 12²
1230 2442 1273 2476 16
1304 2442 1493 2476 inmortale
1527 2442 1726 2484 ABDFR,

222 2499 534 2534 immortalitatem
558 2497 612 2533 Ε2
745 2500 786 2533 17
810 2510 835 2543 p
860 2499 968 2534 aliam
992 2499 1028 2534 R
1159 2500 1203 2535 18
1231 2509 1273 2533 ea
1297 2499 1365 2540 3²,
1409 2509 1447 2532 eo
1473 2509 1518 2533 ex
1542 2498 1583 2532 eb
1610 2499 1640 2533 S

221 2555 267 2590 20
299 2556 413 2590 uitam
445 2556 699 2600 incorporalem
729 2556 813 2591 libri
840 2560 992 2600 praeter
1023 2556 1071 2590 M
1205 2557 1246 2590 21
1282 2556 1330 2600 et]
1364 2566 1425 2600 per
1459 2553 1635 2590 Galland.

221 2613 266 2648 22
301 2612 362 2657 qui
398 2613 444 2655 A,
486 2613 579 2657 quod
614 2614 661 2647 M
670 2614 701 2657 b,
745 2613 860 2657 quoad
896 2613 1078 2648 Barthius
1215 2613 1312 2647 uolet
1347 2612 1529 2647 Barthius
1666 2611 1727 2646 ad-

222 2670 379 2705 uersanti
414 2681 443 2714 p
479 2670 662 2706 Barthius
854 2670 962 2705 efficit
999 2670 1164 2713 CGMR,
1214 2670 1331 2705 effecit
1366 2670 1445 2705 rell.
1482 2674 1515 2705 et
1554 2669 1634 2705 Seli.

221 2727 266 2761 23
291 2726 479 2772 flagauerit
502 2727 537 2762 R
