1884 2998
250 53 307 96 76
766 49 1009 86 Claudiani
1033 48 1243 84 Mamerti

251 178 340 228 unt,
373 176 523 230 quibus
553 175 760 230 potentias
791 187 886 217 suas
917 177 1078 217 exserat
1102 175 1154 217 ad
1173 175 1384 216 sentienda
1406 185 1614 227 corporea,
1646 174 1755 217 sicut

249 256 348 299 ergo
370 244 530 287 ratione
549 244 770 298 perspicua
790 244 921 286 claret
956 242 1112 296 liquido
1143 255 1225 285 non
1255 243 1438 284 animam
1468 243 1654 285 membro
1680 243 1752 285 de·

252 313 327 356 bili
348 312 537 355 localiter
559 313 734 366 pulsam,
759 312 830 352 sed
852 311 903 352 ab
925 309 1086 353 animae
1106 310 1338 353 intentione
1358 310 1497 352 uiuaci
1519 310 1753 353 membrum

252 381 449 436 languore
487 383 655 435 torpens
684 381 802 421 uelut
833 379 1011 433 quadam
1053 379 1196 422 mortis
1238 378 1392 421 uicinia
1431 378 1651 421 dissidere:
1693 378 1755 421 ita

249 461 345 491 cum
393 448 585 491 animalis
632 447 864 500 cuiuspiam
910 458 1055 501 corpus
1106 447 1367 489 dissonantia
1410 446 1474 488 sui
1525 447 1754 498 dissederit‚
1784 461 1801 488 5

252 517 561 560 recurrentibus
592 517 643 560 ad
673 517 861 571 regiones
892 528 986 558 suas
1027 515 1328 558 elementorum
1360 515 1581 569 particulis
1614 515 1755 558 anima

249 598 333 629 non
383 586 537 628 habens
588 597 667 639 quo
711 586 961 627 intentiones
1008 597 1102 627 suas
1147 585 1322 639 explicet
1368 584 1537 637 pecudis
1579 585 1752 640 deperit,

250 654 431 697 humana
459 654 682 708 requiescit
714 654 764 695 ab
795 653 858 695 his
889 655 1030 695 tamen
1061 655 1225 696 tantum
1255 653 1454 704 motibUS‚
1487 653 1634 707 quibus
1665 665 1753 696 cor-

249 735 327 777 pus
358 723 554 764 mouebat
583 735 654 776 per
683 723 773 765 loca
805 723 893 776 ipsa
923 735 995 776 per
1026 722 1191 776 tempus
1223 722 1458 765 inlocaliter
1488 722 1613 763 mota.

307 802 403 845 Non
433 814 476 844 se
507 814 615 844 nunc
646 802 787 855 aliqua
825 801 961 844 ueluti
998 802 1236 855 corpuscula
1276 802 1406 845 oculis
1445 801 1599 843 mentis
1639 801 1752 844 obie‘-
1767 813 1801 838 10

248 873 378 920 ctent,
423 874 470 913 ut
510 871 667 913 animas
699 871 844 926 positis
886 870 1121 924 corporibus
1164 870 1365 924 quaedam
1404 871 1496 913 loca
1538 870 1643 913 aeris
1682 872 1754 913 aut

249 939 474 982 cuiuslibet
504 940 698 982 elementi
739 951 934 993 occupare
975 938 1208 982 credamus.
1258 939 1521 981 intellectum
1552 942 1687 990 tuum,
1719 939 1753 981 si

248 1008 378 1062 potes,
418 1008 629 1063 intellege,
670 1008 734 1050 cui
774 1008 851 1050 soli
883 1020 977 1049 cum
1017 1007 1161 1061 angelo
1202 1007 1302 1050 haec
1342 1007 1481 1050 uidere
1513 1019 1752 1050 concessum

248 1077 326 1120 est.
377 1089 477 1119 num
509 1076 719 1130 quippiam
750 1076 795 1118 in
826 1076 1045 1118 intellectu
1065 1076 1137 1118 tuo
1158 1075 1344 1131 longum,
1370 1076 1506 1118 latum
1526 1077 1598 1118 aut
1619 1076 1753 1118 altum

247 1144 395 1187 uides?
437 1158 536 1187 num
576 1146 769 1200 splendor
806 1145 931 1187 ullius
971 1157 1187 1199 corporeae
1219 1144 1323 1187 lucis
1354 1144 1414 1188 ibi
1444 1145 1622 1187 rutilat?
1652 1157 1752 1186 num
1766 1159 1799 1185 15

248 1212 400 1267 aliquis
432 1214 662 1256 cantilenae
694 1213 957 1256 modificatus
988 1214 1030 1255 et
1059 1225 1133 1267 per
1163 1216 1329 1267 tempus
1359 1212 1492 1255 fluens
1521 1224 1644 1255 canor
1663 1212 1754 1255 illic

245 1282 411 1324 insonat
453 1283 526 1324 aut
564 1282 848 1324 euanescentis
889 1281 1143 1336 fraglantiae
1190 1282 1376 1324 suauitas
1423 1282 1539 1324 halat
1570 1284 1643 1323 aut
1674 1281 1753 1323 ali-

246 1351 347 1405 quid
386 1351 483 1393 istic
522 1351 808 1405 corpulentum
845 1351 952 1405 sapit
998 1352 1072 1393 aut
1118 1350 1276 1404 aliquid
1322 1351 1449 1392 molle
1488 1352 1556 1393 uel
1601 1351 1752 1392 durum

245 1419 433 1462 localiter
471 1419 644 1474 tangit?
684 1420 797 1461 uisus
838 1419 952 1461 illius
994 1419 1188 1461 clarescit
1228 1419 1463 1474 prudentia,
1500 1417 1751 1461 tenebrescit

245 1487 497 1542 insipientia.
545 1488 709 1530 auditus
740 1487 857 1530 illius
879 1487 1049 1530 fallacia
1071 1487 1308 1538 offenditur,
1331 1488 1510 1530 ueritate
1531 1487 1749 1530 mulcetur.
1764 1502 1798 1530 20

244 1556 477 1599 inlocaliter
515 1557 579 1599 illi
608 1556 763 1611 fraglat
795 1557 995 1610 aequitas,
1041 1556 1168 1599 foetet
1206 1556 1420 1610 iniquitas,
1467 1557 1653 1599 uanitate
1683 1558 1748 1597 ta·

244 1624 388 1677 bescit‚
433 1625 591 1668 uirtute
636 1625 884 1681 pinguescit.
936 1625 1062 1668 miser
1109 1626 1174 1668 est
1216 1625 1484 1668 contubernio
1529 1624 1749 1678 stultitiae,

313 1816 334 1850 2
369 1817 554 1862 prespicua
592 1817 621 1852 Ο
776 1817 895 1852 anima
932 1817 968 1853 R
1128 1817 1150 1852 3
1186 1817 1299 1852 uicaci
1340 1817 1369 1853 G
1525 1818 1548 1853 4
1583 1817 1751 1853 dissidere

241 1879 440 1921 Barthius,
481 1879 655 1914 dissidens
687 1880 735 1914 M
761 1889 940 1924 superscr.
972 1890 1070 1914 man.
1101 1890 1170 1915 rec.
1201 1883 1235 1915 et
1265 1880 1301 1922 b,
1343 1879 1572 1915 dissidentem
1605 1881 1692 1916 libri
1716 1884 1750 1917 et

243 1947 322 1983 Sch.
469 1949 491 1984 5
522 1948 710 1983 dissederit
741 1949 886 1993 scripsi,
928 1949 1100 1984 desiderit
1132 1949 1225 1992 Mb,
1265 1949 1450 1984 disciuerit
1481 1949 1560 1985 rell.
1592 1953 1627 1985 et
1660 1949 1749 1993 Sch„

242 2027 388 2062 desierit
407 2038 436 2072 p
575 2028 596 2063 6
621 2011 881 2064 recbrrentibus
906 2029 943 2065 R
1080 2029 1102 2064 8
1126 2031 1246 2064 tamen
1272 2039 1337 2065 om.
1364 2028 1405 2064 8¹
1537 2030 1560 2064 9
1584 2032 1751 2065 mouetur

241 2096 312 2131 Mb
451 2096 494 2131 10
519 2098 653 2131 mentes
678 2097 905 2134 ABF¹H¹R
1045 2099 1086 2133 11
1117 2098 1257 2133 animus
1282 2098 1319 2134 R
1457 2098 1662 2143 corporibus
1686 2109 1749 2144 po-

241 2159 322 2193 sitis
351 2157 388 2194 R
527 2159 570 2193 13
600 2161 719 2203 potest
755 2159 824 2195 (33¹
962 2161 1036 2195 solo
1068 2160 1140 2196 HS
1273 2165 1435 2196 ficessum
1459 2162 1495 2196 A
1635 2161 1679 2196 14
1709 2162 1747 2196 in

240 2231 310 2256 om.
337 2220 367 2256 S
491 2221 532 2256 15
557 2221 658 2256 illius
678 2233 707 2267 p
835 2223 878 2258 16
903 2223 1016 2268 aliqui
1045 2223 1231 2267 0HLRS,
1272 2223 1408 2268 aliquid
1432 2224 1504 2259 Mb
1625 2224 1747 2259 fruens

240 2283 314 2318 Mb
459 2283 588 2319 candor
624 2284 660 2319 L
816 2286 859 2321 17
893 2286 1112 2331 fraglantiae
1146 2285 1362 2328 DEFM82,
1409 2285 1621 2331 flagrantiae
1656 2287 1748 2334 rell„

239 2345 458 2390 fragrantiae
482 2346 636 2382 editores
761 2348 836 2384 alat
860 2348 987 2392 MRb,
1028 2349 1174 2384 halatur
1198 2348 1478 2385 ABDE¹FGP
1606 2351 1650 2385 18
1674 2351 1747 2387 ista

238 2408 446 2443 ABDE¹F
459 2408 537 2444 Sch.
562 2410 604 2445 in
628 2410 739 2453 notis,
781 2411 849 2446 stic
876 2411 927 2446 M
1062 2411 1280 2457 corpulentia
1303 2411 1459 2447 BDEF
1472 2411 1550 2447 Seh.
1575 2413 1616 2447 in
1640 2415 1745 2457 notis,

235 2470 497 2515 corpulentiam
533 2474 586 2514 A,
636 2473 875 2518 corpolentum
911 2475 948 2510 R
1102 2475 1194 2510 mole
1230 2475 1267 2511 R
1423 2475 1466 2510 19
1502 2476 1624 2521 tangit
1658 2476 1746 2520 Mb,

237 2533 406 2578 tangitur
436 2534 515 2569 rell.
540 2538 574 2569 et
598 2534 676 2570 Βοὴ.
815 2536 1018 2582 prudentia]
1051 2538 1228 2582 sapientia
1255 2537 1330 2582 01⁹²
1467 2538 1512 2573 20
1548 2538 1747 2574 offunditur

238 2595 308 2631 LS
418 2596 594 2648 unitatem
619 2598 656 2634 R
770 2599 942 2634 mulcitur
970 2599 1144 2637 CHLRS
1259 2601 1301 2635 21
1328 2600 1404 2636 illic
1427 2601 1475 2636 M
1499 2599 1654 2636 editores

235 2657 374 2702 fraglat
397 2658 574 2703 DEFM,
615 2660 744 2705 flagrat
767 2662 844 2698 rell.
