1884 2998
211 141 266 184 88
723 137 968 172 Claudiani
992 137 1204 173 Mamerti

212 267 319 309 nihil
364 264 491 313 uidet,
538 264 635 318 quia
674 263 781 306 nihil
819 263 961 317 utique
1003 264 1132 305 sentit
1172 263 1326 317 absque
1365 264 1512 318 anima,
1556 276 1604 307 ac
1641 278 1716 319 per

211 337 290 378 hoc
319 334 483 377 animus
514 345 706 387 corporea
736 345 808 387 per
829 345 975 386 corpus
1008 333 1135 385 uidet,
1158 333 1398 386 incorporea
1417 345 1489 386 per
1510 345 1568 374 36.
1614 333 1715 375 haec

211 405 304 457 ipsa
333 415 458 453 nunc,
496 402 697 455 quantum
726 402 769 443 in
800 402 1126 454 praesentiarum
1154 414 1219 443 res
1250 401 1447 455 postulat,
1485 402 1713 454 sequestre-

211 485 318 522 mus,
365 473 412 513 ut
451 483 554 524 quae
591 470 675 511 sint
715 469 845 512 animi
877 469 967 511 uisa
997 481 1068 523 per
1099 482 1259 523 corpus,
1293 481 1396 522 quae
1427 469 1514 510 sine
1545 481 1713 523 corpore

212 540 423 582 euidenter
463 539 670 592 adpareat.
723 551 820 581 nam
859 538 930 591 qui
968 538 1034 579 uel
1073 539 1232 592 aliquid
1271 537 1456 579 eruditus
1488 540 1564 589 est,
1597 539 1714 580 credo
1748 551 1765 575 ⁵

212 609 373 651 nouerit
417 607 462 649 in
508 608 755 662 geometrica
800 607 1022 660 disciplina
1070 607 1167 660 quid
1213 607 1270 648 sit
1314 607 1517 660 punctum
1562 606 1712 659 quidue

212 677 333 727 linea,
373 676 446 718 sed
475 676 574 730 quia
612 676 720 718 inter
750 688 831 731 603,
864 676 934 729 qui
964 675 1047 717 ista
1081 676 1362 730 dignabuntur
1393 675 1543 730 legere,
1578 677 1715 728 potest

214 758 301 788 esse
337 746 407 800 qui
438 745 609 796 nesciat,
641 747 689 787 de
731 745 805 786 hoc
846 746 934 798 ipso
981 744 1199 797 paululum
1245 744 1501 786 dissertando
1542 756 1712 797 quaera-

213 826 318 856 mus.
361 814 470 855 linea
492 814 568 863 est,
600 815 648 854 ut
669 812 895 854 doctissimi
925 813 1047 866 atque
1078 813 1322 854 excellentes
1352 812 1434 853 uiri
1466 824 1547 853 11011
1580 812 1716 852 dixere

213 882 361 933 solum,
393 882 462 923 sed
493 881 779 923 ratiocinando
809 882 1045 934 probauere,
1078 881 1294 935 longitudo
1325 880 1513 934 simplex,
1545 892 1648 933 quae
1673 879 1716 920 in
1731 896 1765 921 10

213 962 378 1004 corpore
408 961 577 1003 prorsus
608 950 785 1002 nequeat
823 949 999 990 inueniri
1032 960 1076 990 60
1117 950 1225 1003 quod
1255 961 1374 990 omne
1405 960 1550 1002 corpus
1580 948 1716 1002 longi-

213 1018 357 1060 tudine
386 1018 558 1072 longum
591 1018 659 1069 sit,
693 1029 774 1059 non
804 1017 948 1058 tamen
978 1017 1067 1070 ipsa
1092 1017 1148 1058 sit
1179 1017 1391 1070 longitudo
1423 1029 1554 1069 neque
1588 1015 1718 1069 possit

213 1086 273 1128 sic
302 1099 391 1128 esse
429 1085 614 1139 longum,
645 1087 693 1127 ut
731 1097 813 1126 non
855 1086 989 1127 latum
1020 1085 1147 1126 simul
1178 1085 1391 1138 altumque
1413 1085 1482 1127 sit.
1530 1086 1719 1138 quocirca

213 1155 322 1196 sicut
362 1154 480 1196 aiunt
522 1155 649 1196 etiam
690 1155 725 1196 si
755 1167 926 1196 araneae
966 1153 1084 1196 filum
1125 1153 1387 1208 cogitaueris,
1434 1153 1531 1207 quia
1576 1153 1718 1206 utique

216 1235 362 1278 corpus
394 1224 469 1276 est,
501 1236 582 1265 non
614 1223 748 1265 solum
784 1223 1089 1276 longitudinem
1121 1223 1326 1276 cogitasti,
1358 1222 1483 1264 habet
1515 1222 1624 1263 enim
1646 1234 1719 1274 pro
1738 1239 1767 1265 15

213 1292 334 1334 modo
366 1304 438 1334 suo
463 1291 818 1333 indissociabilem
855 1291 1131 1344 longitudinis
1168 1304 1265 1332 suae
1296 1290 1566 1332 latitudinem
1596 1293 1720 1343 atque

215 1361 496 1403 altitudinem.
548 1359 679 1413 igitur
710 1362 756 1410 si,
788 1360 837 1401 ut
866 1360 988 1401 fateri
1019 1361 1175 1402 ueritas
1207 1360 1332 1414 cogit,
1364 1360 1476 1401 aliud
1500 1362 1562 1401 est
1583 1359 1719 1412 longi-

214 1430 317 1472 tudo
358 1441 483 1482 quam
521 1428 715 1478 latitudo,
761 1428 942 1480 seposita
980 1428 1200 1470 latitudine
1247 1429 1377 1470 solam
1416 1427 1721 1483 longitudinem

217 1498 461 1553 cogitemus.
513 1496 597 1538 scio
629 1499 770 1538 autem
801 1497 908 1539 hanc
938 1498 1112 1539 eandem
1142 1497 1303 1551 liquido
1327 1497 1509 1551 conspici
1530 1509 1611 1539 non
1634 1509 1721 1539 esse

216 1566 596 1620 multorum,quam
612 1578 706 1609 cum
717 1566 899 1608 Marcius
916 1578 1076 1620 quoque
1091 1566 1359 1620 philosophus
1376 1569 1545 1621 negaret
1562 1566 1720 1608 mathe-
1735 1583 1769 1608 20

217 1636 370 1677 matico
401 1635 581 1677 Adrasto
611 1648 654 1677 se
683 1635 837 1686 uidere,
869 1648 965 1677 cum
995 1635 1127 1678 lineas
1158 1635 1370 1678 fabrorum
1395 1635 1522 1678 nimie
1542 1635 1719 1677 uideret:

214 1705 396 1758 utique
442 1716 540 1746 non
580 1705 768 1747 mirum
809 1707 914 1757 est,
954 1705 1092 1759 inquit
1131 1706 1345 1757 Adrastus,
1388 1706 1519 1759 quod
1558 1703 1723 1745 habes

283 1897 304 1932 3
330 1898 591 1942 sequestramus
615 1896 916 1933 ABDE¹FH¹R
1052 1897 1075 1931 4
1099 1897 1184 1931 sunt
1210 1896 1239 1931 S
1373 1897 1393 1930 5
1419 1895 1615 1940 adpareant
1639 1895 1725 1930 libri

211 1958 364 1999 praeter
395 1954 478 1988 EM
501 1957 533 1988 et
551 1956 597 1998 10²
622 1954 704 1991 Sch.
844 1955 907 1999 qui
939 1955 997 1990 uel
1031 1954 1195 1996 GLS²T‚
1236 1953 1298 1999 qui
1322 1954 1426 1988 uelut
1456 1951 1724 1989 ABGDFMB

216 2010 310 2053 1381,
351 2010 412 2055 qui
444 2010 548 2045 uelllll
579 2010 674 2053 ΕΗ,
716 2011 820 2045 uelut
845 2011 907 2056 qui
931 2022 961 2055 p
986 2011 1087 2052 Sela,
1128 2011 1230 2045 uelut
1256 2010 1317 2055 qui
1342 2010 1400 2044 1161
1428 2011 1472 2054 12²
1611 2009 1725 2053 aliqui

214 2068 255 2110 b,
297 2067 429 2112 alioqui
463 2078 489 2111 p
648 2069 670 2102 6
706 2069 900 2112 geometria
937 2068 1016 2103 Sch.
1172 2068 1259 2113 quid
1297 2068 1356 2102 uel
1393 2066 1423 2102 S
1580 2066 1600 2100 7
1640 2066 1724 2111 quia

213 2136 280 2160 om.
313 2125 396 2159 libri
423 2128 574 2168 praeter
605 2125 720 2160 DEG
745 2129 779 2160 et
804 2125 884 2160 Sch.
1025 2125 1089 2159 isti
1120 2125 1157 2159 A
1295 2124 1317 2159 8
1348 2134 1424 2159 6336
1448 2134 1515 2159 om.
1543 2124 1607 2165 M,
1650 2134 1725 2158 esse

217 2183 337 2226 potest
361 2181 516 2216 editores
648 2182 728 2226 quis
752 2181 1057 2218 ABOH¹MR¹S¹
1189 2192 1253 2216 nec
1277 2181 1368 2215 sciat
1392 2180 1429 2215 R
1558 2180 1623 2214 1106
1646 2180 1726 2224 ipsa

214 2239 265 2273 M
270 2239 310 2280 b,
346 2249 438 2272 corr.
464 2237 526 2272 Μ2
549 2239 590 2272 in
613 2249 747 2283 mary„
787 2239 852 2273 hac
879 2239 957 2283 ipsa
980 2249 1018 2274 re
1042 2250 1072 2284 p
1210 2238 1413 2273 disserando
1440 2237 1611 2278 BHL81,
1652 2236 1725 2271 dis-

217 2296 360 2331 serendo
396 2295 630 2331 ADEFRS2
651 2295 732 2331 Sch.
871 2296 893 2331 9
930 2297 1134 2332 excellectes
1171 2296 1208 2332 R
1348 2295 1391 2330 10
1427 2294 1638 2330 rationando
1675 2294 1724 2335 R,

216 2357 427 2411 ratioi'iando
455 2376 484 2412 S
609 2377 649 2411 11
676 2377 827 2422 corpore]
855 2377 931 2412 sola
956 2377 1041 2412 add.
1068 2378 1089 2412 b
1213 2376 1257 2411 15
1282 2376 1392 2410 solam
1417 2375 1535 2410 DEF
1551 2375 1632 2410 Sch-

217 2439 261 2473 16
297 2438 400 2474 1110ᾶο
436 2449 520 2474 suae
560 2439 799 2484 longitudinis
839 2440 1143 2476 indissociabilem
1180 2438 1412 2474 latitudinem
1450 2438 1632 2473 Bao-thius

214 2501 511 2537 indissonabilem
543 2502 590 2537 M
620 2513 715 2539 corr.
739 2503 781 2537 in
804 2514 914 2549 marg).
1056 2504 1098 2539 18
1129 2503 1288 2538 altitudo
1320 2502 1369 2536 M
1400 2501 1557 2536 editores
1577 2504 1727 2545 praeter

212 2585 258 2628 1³²
381 2582 427 2617 20
451 2559 590 2617 marcius
616 2583 654 2627 S,
691 2594 823 2618 nomen
844 2585 1046 2629 yenuinum
1071 2594 1143 2619 esse
1167 2587 1276 2628 ‘negat
1300 2582 1480 2617 Bao-thius
1607 2582 1650 2616 21
1678 2581 1727 2626 36]

216 2651 319 2684 posse
353 2642 400 2675 M
433 2651 530 2675 man.
563 2651 633 2676 rec.
669 2651 849 2685 superscr.
884 2646 917 2677 et
949 2642 969 2676 b
1107 2641 1216 2675 nimie
1250 2642 1311 2684 (z
1341 2640 1488 2683 optime)
1522 2638 1729 2681 Hartelius,

217 2698 365 2731 minime
397 2697 493 2739 Mb,
533 2708 599 2734 om.
630 2698 709 2733 rell.
736 2702 771 2733 et
798 2697 898 2742 Seh„
939 2698 1091 2732 maxime
1115 2698 1314 2740 Barthius,
1350 2697 1428 2740 ipse
1452 2696 1535 2731 olim
1560 2695 1729 2730 minimas

212 2764 440 2790 eomeceram
