1884 2998
222 139 287 169 XX

223 263 396 304 quorum
430 250 636 303 scriptura
676 251 736 292 ita
771 249 1013 304 explicanda
1043 251 1119 300 est,
1151 252 1197 292 ut
1228 251 1460 292 statuamus
1491 252 1716 294 communi-

224 319 344 361 candi
385 319 561 360 uerbum
598 319 791 373 coniungi
824 319 900 360 hoc
938 318 1027 360 loco
1068 330 1161 360 cum
1197 318 1378 361 ablatiuo
1413 319 1473 361 rei
1504 321 1544 361 et
1576 320 1718 362 datiuo

223 398 420 441 personae
465 388 590 440 atque
633 386 693 427 ita
731 388 832 429 duas
869 386 936 428 hic
964 386 1008 427 in
1039 398 1167 427 unam
1205 386 1455 429 consociatas
1496 399 1581 428 esse
1622 399 1718 429 con-

224 454 472 497 structiones
514 454 584 508 (cf.
624 455 674 496 de
714 454 842 497 ablat.
880 455 941 496 rei
978 454 1115 496 Plaut.
1158 454 1246 495 mil.
1290 455 1365 496 51:
1412 455 1723 497 communicabo

227 537 385 576 semper
405 526 441 564 te
461 535 602 564 mensa
622 535 729 576 mea,
761 526 802 564 et
833 522 882 564 de
913 523 997 566 dat.
1029 534 1187 576 person.
1219 523 1413 565 Mamert.
1440 536 1533 576 pan.
1555 525 1723 566 Maxim.

229 593 302 634 10:
335 591 414 633 sibi
435 591 761 633 communicasse
782 591 1020 644 reqionem).
1042 615 1098 621 —
1119 592 1186 642 67,
1218 592 1243 633 6
1274 603 1391 633 omne
1412 603 1560 643 corpus
1580 605 1724 644 quam-

226 660 321 702 libet
340 660 575 701 maximum
597 660 670 715 (M,
691 673 893 713 maynum
913 660 1021 712 rell.)
1047 659 1273 713 quamlibet
1289 660 1534 701 minimum:
1557 660 1723 714 repudi-

227 730 381 770 andum
402 730 466 770 est
485 728 721 770 maximum
741 732 781 770 et
802 728 1136 770 substituendum
1157 741 1370 781 magnum,
1394 741 1488 770 cum
1506 729 1549 769 et
1569 728 1613 770 in
1630 729 1723 771 uni-

226 809 392 839 uersum
422 796 695 850 posteriorum
725 798 960 850 temporum
981 797 1199 850 scriptores
1220 796 1448 850 positiuum
1470 809 1560 837 cum
1584 810 1726 850 super-

227 866 355 908 latiuo
401 865 645 919 coniungere
689 865 850 907 soleant
892 865 963 919 (cf.
1003 865 1129 907 indic.
1168 866 1218 906 ad
1257 865 1415 907 Victor.
1458 865 1621 907 VitenS.
1661 866 1724 908 ed.

227 934 475 988 Petschenig
504 947 534 977 s,
565 946 605 975 u.
638 933 954 987 comparationis
991 934 1156 988 gradus,
1194 933 1278 975 ind.
1311 934 1362 975 ad
1393 933 1624 975 Arnobium
1661 936 1722 977 ed.

227 1002 525 1045 Reifferscheid
564 1002 657 1055 etc.)
696 1003 737 1044 et
767 1002 854 1055 ipse
885 1001 1137 1044 Claudianus
1175 1002 1287 1044 dicat
1331 1003 1426 1051 114,
1459 1003 1484 1044 9
1524 1002 1728 1055 quaelibet

228 1075 366 1113 terrae
402 1085 513 1127 pars
557 1085 713 1125 maqna
743 1072 812 1113 uel
842 1071 1037 1112 minima.
1067 1094 1123 1101 —
1155 1071 1222 1120 67,
1257 1071 1308 1112 18
1339 1070 1439 1112 hinc
1461 1074 1579 1123 patet
1610 1085 1731 1114 omne

231 1153 380 1193 corpus
419 1143 553 1181 totum
590 1140 719 1181 simul
754 1140 875 1193 tanqi
915 1152 1003 1180 non
1032 1151 1169 1192 posse,
1211 1152 1286 1181 nec
1325 1152 1411 1180 uno
1445 1139 1495 1180 in
1534 1141 1617 1181 loco
1647 1152 1731 1182 esse

231 1209 459 1262 quamlibet
489 1208 714 1249 minimum
751 1210 881 1249 totum
907 1220 1043 1260 posse,
1075 1210 1123 1248 ut
1146 1210 1258 1260 puta
1284 1219 1471 1260 qranum
1494 1209 1732 1261 papaueris

232 1281 308 1319 aut
327 1277 556 1331 quotalibet
570 1290 678 1332 pars
699 1277 828 1331 qrani
847 1276 999 1331 ipsius,
1023 1277 1133 1329 quod
1154 1276 1245 1318 illic
1266 1289 1351 1318 non
1380 1275 1500 1317 habet
1520 1276 1733 1330 iuferiora

231 1359 324 1399 sua,
356 1346 429 1387 ubi
460 1345 682 1398 superiora
712 1357 787 1386 nec
817 1344 908 1386 illic
938 1345 1100 1395 dextra,
1133 1344 1204 1386 ubi
1224 1345 1404 1385 sinistra
1423 1357 1498 1386 nec
1519 1345 1734 1387 anteriora

232 1416 338 1469 illic,
369 1416 441 1458 ubi
459 1414 695 1468 posteriora
716 1416 869 1456 certum
891 1416 949 1455 est
980 1414 1052 1469 (M,
1086 1415 1242 1456 certum
1263 1415 1323 1455 est
1352 1427 1432 1456 om.
1464 1414 1598 1466 rell.):
1630 1424 1732 1467 quae

232 1485 358 1527 uerba
390 1485 423 1526 si
447 1484 638 1526 omnibus
663 1483 784 1525 libris
806 1483 1083 1537 traderentur,
1107 1495 1187 1524 non
1209 1482 1475 1533 offenderent,
1508 1495 1600 1524 cum
1623 1483 1733 1536 quod

232 1554 326 1608 post
363 1555 520 1594 certum
559 1554 618 1594 est
655 1552 801 1593 multis
847 1552 977 1605 possit
1016 1551 1244 1593 confirmari
1285 1551 1492 1605 exemplis.
1538 1553 1608 1593 sed
1646 1550 1735 1592 sola

234 1622 383 1664 codicis
414 1621 460 1663 M
489 1621 732 1663 auctoritate
763 1632 845 1662 non
876 1621 1131 1673 adducimur,
1163 1622 1211 1662 ut
1243 1620 1322 1661 duo
1354 1619 1578 1662 nouissima
1606 1618 1736 1661 uerba

234 1693 389 1732 certum
428 1692 488 1731 est
523 1688 793 1738 retineamus,
835 1689 986 1742 quippe
1033 1701 1136 1743 quae
1174 1689 1462 1742 interpolatori
1497 1688 1735 1736 debeantur,

236 1760 307 1812 qui
336 1772 360 1801 a
389 1770 488 1800 uoce
517 1760 566 1799 ut
590 1760 701 1810 puta
725 1769 876 1799 nouam
906 1757 1121 1811 periodum
1152 1758 1332 1810 incipere
1363 1757 1659 1799 arbitrabatur.
1680 1780 1735 1786 —

238 1828 304 1879 70,
338 1828 361 1869 7
385 1826 687 1880 pusillanimes
730 1838 803 1880 pro
841 1825 1151 1879 pusillanimos
1197 1826 1367 1880 scripsit
1406 1826 1452 1868 M
1483 1827 1568 1868 sine
1609 1824 1734 1868 dubio

236 1897 402 1950 propter
433 1907 577 1937 uocem
609 1895 923 1937 antecedentem
953 1895 1268 1948 maynanimem
1291 1895 1332 1936 et
1354 1894 1488 1936 eidem
1509 1892 1736 1947 aequabili-

237 1965 316 2006 tati
355 1964 524 2006 studens
568 1965 689 2006 codex
721 1963 950 2006 Gexhibet
989 1963 1312 2017 maqnanimum
1344 1966 1386 2004 et
1417 1961 1736 2015 pusillanimos,

239 2033 310 2075 sed
341 2033 555 2086 utriusque
586 2033 739 2075 codicis
770 2032 893 2075 lectio
915 2032 1158 2075 documento
1181 2034 1243 2073 est
1265 2032 1517 2084 reliquorum
1536 2031 1737 2073 librorum

240 2114 487 2144 consensum
517 2103 648 2155 pluris
678 2102 910 2144 faciendum
940 2113 1040 2143 esse.
1071 2125 1126 2131 —
1158 2102 1223 2152 70,
1257 2101 1282 2142 8
1314 2100 1460 2153 scripsi
1491 2112 1585 2141 cum
1616 2098 1736 2140 editi-

241 2182 316 2212 one
337 2170 521 2224 principe
543 2170 844 2224 maqnanimus
867 2169 1046 2224 Moyses,
1074 2183 1164 2212 cum
1187 2170 1232 2211 M
1251 2168 1400 2223 maqni
1421 2167 1592 2209 animus
1613 2166 1739 2220 bloy-

240 2251 313 2288 ses,
345 2238 432 2280 rell.
465 2251 646 2292 maqnus
677 2239 850 2280 animus
881 2238 1027 2292 Moysi
1061 2238 1146 2292 (uel
1179 2237 1358 2291 Moysei)
1392 2236 1628 2290 praebeant.
1665 2235 1737 2277 sed

240 2319 421 2361 maynus
445 2307 617 2348 animus
638 2307 781 2361 Moysi
802 2307 1116 2361 praeferendum
1137 2307 1224 2348 erat
1249 2307 1374 2348 etiam
1404 2305 1570 2359 propter
1598 2305 1738 2356 uerba,

241 2387 345 2428 quae
390 2378 639 2429 sequuntur:
677 2375 816 2428 parui
853 2375 993 2416 animi
1023 2375 1223 2428 populus.
1269 2399 1317 2406 —-
1353 2373 1419 2422 70,
1462 2372 1512 2413 17
1552 2370 1652 2412 hinc
1681 2372 1740 2412 est

242 2443 349 2496 quool
387 2444 588 2485 emoriens
629 2457 747 2485 omne
784 2456 934 2496 corpus
964 2443 1201 2484 animatum
1232 2454 1316 2483 non
1346 2440 1505 2482 amittit
1533 2439 1739 2493 animam,

241 2512 311 2553 secl
347 2511 536 2563 dimittit,
583 2512 685 2564 quia
729 2524 815 2553 non
853 2511 1064 2565 eqreolitur
1102 2511 1211 2564 quod
1249 2523 1337 2551 non
1374 2508 1624 2562 includitur,
1667 2520 1740 2549 nec

243 2580 456 2621 amittitur
494 2581 602 2633 quod
632 2593 718 2621 non
756 2582 930 2622 tenetur.
980 2580 1018 2621 si
1049 2580 1160 2621 enim
1191 2581 1363 2630 tenetur,
1395 2590 1482 2618 non
1513 2576 1739 2626 amittitur,

243 2651 282 2690 et
309 2649 347 2690 si
377 2661 464 2689 non
501 2649 777 2701 amitteretur,
810 2660 896 2688 non
928 2647 1002 2702 (M,
1033 2660 1151 2690 nemo
1181 2648 1291 2702 rell.)
1324 2646 1577 2687 moreretur:
1614 2644 1741 2697 pudet

245 2730 311 2759 me
341 2730 428 2758 non
457 2728 528 2771 pro
559 2729 676 2758 nemo
707 2717 931 2770 scripsisse.
979 2717 1042 2758 est
1062 2717 1174 2758 enim
1193 2715 1344 2756 anima
1364 2713 1598 2756 subiectum
1621 2711 1740 2754 uerbi
