1884 2998
660 77 720 113 De
745 80 871 115 statu
895 81 1070 118 animae
1102 83 1120 118 Ι
1147 83 1176 118 1.
1610 90 1662 132 21

655 553 1175 630 CLAVDIANI

208 720 654 821 MAMERTI
714 723 830 796 DE
890 725 1189 800 STATV
1247 729 1618 802 ANIMAE

517 926 837 991 LIBER
897 929 1310 994 PRIMVS.

897 1077 932 1130 Ι.

161 1201 222 1230 DE
246 1201 539 1234 OPINIONIBVS
564 1203 877 1234 INPERITORVM
898 1204 955 1233 ET
977 1203 1261 1235 PERVICACIIS
1281 1204 1331 1235 IN
1351 1205 1661 1236 DEFENDENDA

798 1272 1031 1302 SVPERBIA.

129 1377 148 1404 5
218 1361 419 1415 Magnum
451 1364 493 1404 in
514 1375 661 1416 genere
691 1363 884 1416 humano,
908 1362 1010 1405 Solli
1031 1362 1186 1414 Sidoni,
1208 1363 1335 1406 frater
1364 1364 1658 1414 amantissime,

160 1430 388 1472 multorum
421 1430 573 1472 uitium
605 1433 669 1473 est
700 1432 902 1486 adrogans
934 1431 1128 1485 inperitia
1158 1434 1200 1474 et
1230 1432 1423 1486 peruicax
1453 1433 1496 1474 in
1519 1432 1658 1475 defen-

160 1498 305 1540 dendis
356 1511 568 1553 perperam
618 1500 895 1554 praesumptis
955 1500 1212 1555 opinionibus
1262 1500 1499 1553 pertinacia.
1561 1513 1658 1543 nam

159 1567 343 1620 plerique
402 1567 647 1610 mortalium
708 1570 781 1611 aut
832 1581 904 1622 per
953 1581 1094 1610 sensus
1146 1569 1326 1622 corporis
1376 1580 1658 1622 corporearum

159 1647 300 1677 rerum
346 1635 503 1678 haustis
549 1637 798 1689 imaginibus
844 1636 978 1680 ueluti
1025 1637 1273 1690 quibusdam
1318 1649 1455 1678 rerum
1500 1637 1657 1679 umbris

112 1724 146 1750 ιο
159 1705 308 1746 obtutu
338 1705 491 1746 mentis
522 1704 785 1760 inluduntur‚
822 1707 896 1748 aut
926 1705 1090 1747 tenellis
1121 1706 1252 1748 adhuc
1286 1705 1487 1747 infantiae
1528 1716 1658 1758 quon-

158 1773 252 1814 dam
283 1784 381 1814 suae
411 1773 748 1826 persuasionibus
783 1774 826 1816 in
858 1775 1068 1816 senectute
1098 1776 1361 1828 puerascunt.
1412 1774 1446 1815 si
1472 1785 1550 1828 qua
1571 1773 1657 1814 illis

157 1840 320 1883 dicendi
366 1841 485 1895 copia
530 1845 606 1897 est,
654 1842 855 1897 neglectis
899 1855 1038 1885 rerum
1084 1842 1218 1884 causis
1263 1841 1435 1884 rationis
1478 1842 1656 1883 animam

158 1911 358 1962 spernunt
398 1911 438 1952 et
476 1911 699 1952 uerborum
740 1922 908 1964 corpora
947 1910 1144 1964 diligunt,
1198 1922 1371 1962 cumque
1409 1907 1567 1962 duplici
1605 1908 1655 1950 ad

157 1977 382 2020 ueritatem
402 1978 595 2021 ueniatur
615 1978 695 2030 uia,
729 1981 776 2021 ut
797 1981 869 2020 aut
889 1978 1197 2032 praeiudicatae
1218 1976 1455 2020 auctoritati
1475 1975 1655 2018 creduli-

111 2068 144 2093 15
158 2047 245 2088 tate
298 2046 526 2089 subdamur
573 2049 645 2089 aut
690 2048 739 2090 ad
785 2046 1004 2089 scientiam
1055 2045 1372 2089 ratiocinatione
1399 2039 1650 2093 ‘tendamus

228 2239 244 2273 l
282 2248 428 2273 nronwr
463 2248 576 2274 LIBER
607 2249 654 2273 nn
686 2247 805 2274 surv
837 2247 988 2274 ANIMAE
1020 2246 1161 2273 anvs
1196 2235 1567 2272 ABCDEFHMRS

153 2295 177 2330 5
203 2295 271 2330 soli
295 2295 379 2330 MR
507 2295 590 2331 solli
616 2296 743 2341 sidoni]
771 2295 933 2330 sollidini
957 2295 993 2329 A
1124 2294 1143 2328 7
1169 2304 1311 2338 perpere
1335 2292 1409 2327 Mb
1535 2291 1653 2337 opinio

155 2352 324 2387 monibus
360 2352 397 2388 R
535 2353 556 2387 9
592 2353 705 2388 austis
742 2353 779 2389 R
917 2352 1046 2397 rerum]
1079 2362 1241 2386 uei-arum
1269 2350 1360 2385 com’.
1385 2349 1566 2384 Barthius

156 2409 201 2444 10
236 2411 404 2444 obtutum
439 2410 592 2445 DEFP
608 2410 689 2445 Sch.
866 2410 994 2444 mentis
1031 2419 1096 2444 om.
1134 2408 1301 2443 Schottus
1335 2406 1564 2441 membranas
1598 2416 1654 2440 se-

152 2470 278 2509 cutus,
318 2470 454 2502 mentes
485 2468 576 2502 coni.
608 2467 786 2502 Barthius
925 2465 1094 2500 inludunt
1122 2464 1236 2499 DEG
1374 2462 1535 2497 tenendis
1559 2463 1652 2498 coni.

155 2524 340 2559 Barthius
478 2524 625 2559 condam
657 2524 693 2560 R
842 2525 881 2558 11
914 2523 1124 2567 puerescunt
1154 2519 1460 2555 ABDFHMRS
1592 2519 1653 2563 qui

153 2582 292 2616 scilicet
316 2586 403 2617 ame
428 2582 458 2615 si
484 2593 553 2626 qua
578 2581 684 2616 addit
711 2581 746 2616 G
886 2581 927 2614 14
951 2580 1060 2614 autllll
1086 2578 1115 2613 S
1251 2577 1465 2622 preiudicata
1490 2575 1653 2610 B⁷DEG

154 2638 242 2674 HM
380 2640 593 2673 auctoritate
627 2639 746 2679 ΑΒΕ,
795 2637 1013 2673 auctoritatll
1045 2636 1079 2670 R
1217 2634 1423 2669 credulitati
1454 2633 1534 2675 ET,
1579 2642 1650 2667 cre-

152 2695 346 2730 dulitatem
372 2696 445 2730 Mb
584 2696 625 2730 15
650 2695 843 2730 subdamus
868 2694 960 2736 Mb,
1002 2692 1198 2727 subdantur
1223 2690 1258 2726 R
