1884 2998
1544 158 1657 188 XLIII

152 263 330 318 poribus
365 263 530 306 unitate
567 263 804 316 sapientiae
840 264 949 306 duas
985 265 1157 307 animas
1194 280 1327 309 unam
1362 267 1509 321 facere.
1551 282 1656 323 pro-

161 331 450 375 sternidaretis
490 334 752 385 paratosque
800 332 1085 387 (paratisque)
1132 334 1230 377 libri
1273 337 1417 390 optimi
1461 339 1659 390 praebent

159 402 301 455 aperto
332 402 374 443 et
403 399 580 454 simplici
611 411 758 452 errore,
795 412 890 442 nam
921 402 954 442 si
986 401 1168 456 singulas
1206 413 1326 445 uoces
1364 406 1472 446 recte
1509 405 1656 447 distin-

160 469 267 512 xeris
312 469 353 512 et
396 468 559 511 litteras
600 467 630 508 d
668 470 755 509 ett
796 468 974 510 inuicem
1021 470 1332 525 permutaueris,
1378 473 1513 515 omnia
1558 485 1658 516 sana

160 538 293 579 erunt.
325 549 455 591 neque
475 547 574 578 uero
596 548 682 578 esse
705 536 884 592 uidetur,
916 549 989 579 cur
1017 550 1161 580 uocem
1185 540 1490 591 prosternitare
1514 542 1656 595 genui-

160 617 257 654 nam
278 618 365 648 esse
384 616 593 659 negemus.
626 616 722 645 nam
743 607 883 647 eodem
905 606 1038 659 modo,
1061 618 1139 659 quo
1161 619 1208 647 ex
1227 606 1444 659 defendere
1460 611 1501 649 et
1516 608 1655 662 defen-

157 686 253 715 sare
282 675 325 715 et
353 672 608 726 defensitare
638 672 935 723 formabantur,
975 674 1101 716 etiam
1133 687 1180 716 ex
1202 677 1464 727 prosternere
1494 677 1535 718 et
1557 690 1658 730 pro-

157 747 347 784 sternare
377 741 448 795 (cf.
478 742 762 793 consternare)
797 742 838 784 et
869 743 1176 795 prosternitare
1207 744 1305 796 quin
1336 744 1505 786 formari
1535 748 1655 798 potu-

158 810 281 862 erint,
321 823 400 853 non
439 810 693 852 dubitamus.
727 836 776 843 -
814 811 907 862 189,
944 811 996 853 15
1033 811 1142 863 quod
1170 824 1240 865 eqo
1271 811 1402 853 nolim
1433 826 1506 854 nec
1540 813 1657 866 faxis

154 890 364 932 persuasu
401 878 509 920 istuc
552 878 653 920 olim
693 878 837 931 scripsi
871 879 987 931 (libri
1018 879 1165 932 optimi
1195 892 1275 932 per
1313 892 1442 922 suasu
1473 880 1541 921 uel
1572 894 1654 933 pro

156 947 304 999 suasu)
349 946 392 988 et
430 958 558 988 unam
597 959 739 989 uocem
784 948 881 999 (non
919 947 1020 989 duas
1053 959 1147 988 cum
1187 947 1324 1001 libris)
1356 947 1654 990 restituendam

157 1028 244 1057 esse
286 1015 523 1057 etiamnunc
563 1014 670 1056 mihi
712 1015 991 1056 certissimum
1033 1016 1105 1056 est.
1152 1015 1223 1056 sed
1263 1016 1450 1068 praestat
1481 1016 1655 1058 fortasse

152 1095 387 1136 persuasus
416 1083 593 1126 scribere
624 1083 717 1126 coll.
750 1083 819 1133 85,
855 1084 908 1125 10
942 1085 1006 1136 (ut
1026 1082 1194 1138 anima)
1218 1096 1432 1136 persuasa
1460 1085 1655 1135 patiatur

156 1151 268 1193 illud
314 1152 433 1193 intra
478 1155 603 1194 semet
647 1153 788 1206 ipsam
832 1152 951 1195 iuste.
992 1176 1046 1182 —-
1088 1152 1182 1203 145,
1232 1153 1284 1194 21
1331 1166 1417 1205 qua
1460 1152 1654 1195 uidelicet

157 1220 404 1262 auctoritate
433 1234 582 1262 uerum
612 1220 725 1262 illud
754 1233 889 1262 unuin
909 1223 1008 1262 ante
1040 1222 1352 1273 temporaneum
1376 1220 1536 1262 caelum
1565 1234 1653 1263 cre-

156 1289 252 1330 dere
273 1288 478 1330 sinimur:
503 1289 607 1331 mihi
627 1302 736 1332 nunc
753 1289 920 1331 dubium
939 1302 1020 1332 non
1037 1289 1110 1339 est,
1131 1290 1230 1343 quin
1245 1291 1654 1342 antetemporaneum

159 1370 232 1410 per
263 1370 388 1399 unam
419 1370 562 1399 uocem
588 1358 645 1399 sit
665 1357 939 1409 scribendum,
973 1357 1163 1411 quamuis
1183 1357 1282 1399 alibi
1304 1357 1378 1399 hoc
1398 1357 1651 1400 adiectiuum

159 1426 319 1468 exstare
349 1438 432 1467 non
462 1426 738 1470 meminerim.

213 1505 305 1548 VH.
339 1505 484 1548 Restat
514 1508 562 1548 ut
584 1506 632 1548 de
656 1506 915 1561 singularum
945 1506 1183 1548 litterarum
1205 1505 1519 1559 permutatione,
1552 1517 1653 1559 quae

155 1574 198 1616 in
228 1574 447 1628 archetypo
480 1574 669 1617 codicum
701 1575 935 1617 nostrorum
967 1577 1153 1629 grassata
1175 1576 1251 1622 est,
1283 1574 1550 1628 disputemus.
1589 1575 1652 1615 at-

155 1655 234 1696 que
278 1643 444 1684 uocales
476 1642 494 1683 i
526 1644 567 1684 et
596 1656 616 1685 0
660 1646 919 1697 permutatae
965 1645 1081 1685 erant
1124 1642 1190 1684 1113
1220 1643 1345 1685 locis:
1375 1643 1444 1694 43,
1475 1643 1527 1684 21
1560 1642 1653 1695 iuye

154 1722 337 1763 namque
379 1710 604 1766 (Schottus‚
646 1711 919 1764 iuqinamque
957 1711 1084 1764 libri),
1134 1711 1228 1759 124,
1259 1711 1311 1752 21
1354 1710 1478 1752 cebete
1515 1709 1652 1762 (cibete

153 1779 245 1822 sim.
286 1778 415 1831 libri),
463 1779 557 1833 132,
593 1779 645 1821 19
685 1792 850 1831 corpore
893 1780 1009 1832 (corr.
1043 1777 1338 1832 DEFH²LS,
1382 1778 1545 1830 corpori
1574 1781 1651 1820 etc.

153 1847 280 1899 rell.),
330 1847 423 1899 135,
458 1849 509 1889 11
539 1846 697 1901 pendet
733 1849 855 1901 (corr.
888 1846 1165 1897 AG⁹H2LS‚
1204 1846 1355 1898 pendit
1384 1846 1509 1901 rell.),
1559 1847 1651 1900 155,

152 1915 208 1957 23
254 1915 414 1957 accedet
460 1915 540 1968 (ed.
572 1915 718 1968 Paris,
765 1915 921 1957 aceedit
966 1914 1097 1967 libri),
1151 1915 1244 1967 189,
1288 1914 1340 1955 13
1385 1913 1651 1967 adhibetoque

156 1983 387 2037 (Barthius,
435 1982 700 2036 adhibitoque
745 1983 877 2036 libri),
924 1983 976 2026 cf.
1016 1983 1228 2036 praeterea
1273 1981 1340 2032 67,
1375 1982 1439 2022 11.
1483 1981 1550 2031 96,
1585 1981 1649 2024 17.

155 2050 249 2102 148,
282 2053 320 2093 6.
356 2050 449 2103 166,
485 2050 549 2092 14.
585 2051 678 2101 176,
711 2051 748 2092 8.
786 2051 878 2104 184,
912 2050 951 2092 8.
994 2061 1067 2104 ego
1099 2050 1254 2091 correxi
1289 2049 1379 2099 138,
1406 2050 1425 2089 1
1458 2061 1526 2102 090
1555 2061 1651 2089 uero

148 2119 448 2173 praeeleyerim
489 2118 541 2160 ab
579 2118 676 2160 istis
712 2132 808 2161 cum
845 2117 1056 2160 Eucherio
1095 2117 1206 2168 reici,
1246 2116 1319 2158 ubi
1352 2116 1651 2170 praeeliyerem

152 2189 328 2231 editores
358 2187 509 2230 iniuria
539 2187 725 2230 scribunt
757 2199 852 2230 cum
881 2186 925 2228 M
959 2185 1257 2240 (111-00109ονοω
1284 2184 1375 2234 OG,
1398 2185 1651 2238 perleyerem

152 2256 273 2311 rell.),
319 2269 417 2299 nam
461 2257 649 2298 uocalem
679 2269 701 2298 e
742 2257 784 2297 111
826 2254 988 2309 syllaba
1031 2253 1383 2308 antepaenultima
1428 2252 1649 2306 genuinam

153 2336 241 2366 esse
284 2324 488 2367 librorum
528 2326 690 2379 praeter
729 2324 787 2375 M,
838 2324 881 2365 111
922 2325 1036 2365 0111113
1077 2323 1205 2375 11131113
1248 2321 1359 2362 fonte
1399 2321 1488 2361 sine
1524 2319 1647 2362 dubio

149 2392 428 2447 praeleyerem
458 2392 656 2443 exstabat,
689 2392 797 2445 quod
818 2394 958 2433 tamen
979 2389 1209 2432 su01Marte
1232 2388 1420 2439 correxit,
1452 2399 1647 2429 consensu

151 2462 371 2516 euincitur,
393 2460 500 2502 unde
515 2460 600 2503 iam
616 2460 723 2502 nihil
741 2460 853 2501 aliud
871 2458 1129 2512 relinquitur,
1151 2470 1273 2510 quam
1290 2459 1336 2498 ut
1351 2455 1647 2508 praeeleyerim

153 2528 394 2581 scribamus,
416 2528 604 2583 inprimis
626 2540 719 2570 cum
741 2527 970 2580 perfectum
990 2528 1153 2578 tempus
1171 2525 1254 2566 fere
1270 2523 1496 2566 necessario
1512 2523 1645 2576 requi-

153 2601 278 2640 ratur.
304 2622 353 2628 —
380 2597 474 2648 141,
496 2597 522 2639 3
552 2595 769 2648 respondet
799 2606 870 2648 pro
901 2593 1117 2647 respondit
1144 2591 1302 2645 scripsi,
1334 2604 1427 2633 cum
1458 2602 1644 2643 praesens

154 2666 272 2717 (140,
304 2665 360 2707 24
389 2663 620 2718 subiunyit)
654 2663 874 2717 praecedat
904 2662 945 2702 et
974 2671 1164 2713 praesens
1192 2661 1353 2713 tempus
1374 2657 1645 2710 subsequatur

155 2734 269 2787 (141,
307 2733 333 2775 6
373 2732 500 2774 iterat
538 2729 818 2785 responsum).
849 2753 905 2760 —
938 2728 1031 2780 149,
1073 2728 1099 2769 3
1139 2727 1321 2769 dicemus
1356 2738 1428 2781 pro
1468 2726 1646 2767 dicimus
