1884 2998
788 66 1012 113 Epistula.
1592 79 1646 123 15

146 190 276 242 labat,
306 202 439 233 uacua
466 192 591 246 atque
625 191 775 236 diffusa
804 193 916 236 uasti
945 195 1050 238 aeris
1080 208 1162 239 non
1191 197 1389 252 inplebat,
1419 201 1493 244 sed
1522 202 1644 245 illum

145 259 309 302 tantum
348 259 469 302 modo
510 260 649 303 locum
688 261 731 303 in
772 275 850 316 quo
891 265 982 306 erat
1021 267 1257 319 occupabat.
1311 279 1413 321 quae
1452 281 1545 312 cum
1584 271 1646 313 ita

147 327 244 379 sint,
277 327 478 383 quidquid
509 328 645 372 locum
676 332 863 384 occupat,
895 344 1042 386 corpus
1073 337 1149 385 est,
1182 337 1224 376 et
1254 337 1389 379 nescio
1414 350 1493 391 quo
1525 339 1644 382 modo

147 396 271 439 locali
311 397 404 453 lege
443 409 522 440 non
562 399 765 448 teneatur,
804 400 876 453 qui
913 401 962 442 de
1003 401 1091 444 loco
1122 404 1174 445 ad
1205 403 1341 445 locum
1372 405 1570 461 mittitur,
1602 411 1644 450 et

119 465 267 515 ⁵uelut
310 478 458 519 corpus
504 467 621 509 motu
668 479 915 522 accessuque
960 470 1218 522 transfertur,
1263 473 1371 514 mole
1421 475 1645 528 descendit,

147 535 383 578 mobilitate
414 535 624 587 discurrit,
666 538 796 586 uadit,
827 538 950 587 redit,
983 537 1189 591 absentat,
1217 541 1411 582 ascendit.
1463 544 1530 585 uel
1558 543 1644 592 ille,

148 604 281 658 credo,
313 604 458 647 localis
490 604 565 655 est,
593 604 664 657 qui
695 617 743 647 ex
774 617 820 647 eo
849 606 893 647 in
924 606 1037 649 caelo
1069 619 1149 649 non
1181 610 1256 661 est,
1290 621 1338 650 ex
1358 621 1436 662 quo
1458 613 1519 652 est
1541 612 1646 653 eiec-

147 675 215 715 tus
254 685 275 713 e
315 673 440 725 caelo,
480 684 555 715 nec
592 685 635 715 se
679 674 813 716 solum
852 674 1026 717 localem
1066 687 1152 717 esse
1183 677 1377 729 prodidit,
1409 677 1480 730 qui
1510 691 1647 721 secum

147 742 316 784 tertiam
356 744 515 796 partem
557 741 775 784 stellarum
815 755 863 784 ex
894 743 979 785 alto
1016 743 1285 797 proturbatus
1317 744 1532 788 abstraxit.
1583 748 1647 789 dic

102 836 135 861 10
148 812 252 853 mihi
282 812 318 853 si
349 823 497 864 corpus
529 822 610 852 non
641 811 776 859 habet,
809 812 850 853 in
882 811 955 854 illa
978 813 1202 854 deiectione
1225 813 1323 866 quid
1345 813 1530 856 decidit?
1552 817 1647 868 quid

147 881 213 922 illi
238 892 361 936 negas
386 880 641 934 corporalem
662 881 871 932 naturam,
898 883 1013 923 cuius
1036 894 1185 936 negare
1207 894 1288 924 non
1309 884 1434 924 audes
1456 885 1647 926 ruinam?

148 951 189 991 et
228 950 277 1000 si,
318 950 366 991 ut
404 949 520 999 diciS,
561 961 707 1003 corpus
748 961 831 991 non
869 949 1008 1002 habet,
1048 962 1127 991 non
1170 951 1353 992 ardebit:
1386 951 1457 993 ubi
1488 953 1645 1001 autem,

147 1018 229 1060 nisi
260 1018 303 1060 in
333 1030 509 1072 corpore,
543 1019 696 1060 sentiet
727 1019 865 1072 ignem
896 1018 1031 1067 illum,
1065 1019 1151 1071 qui
1181 1021 1398 1072 paratus
1431 1020 1511 1061 est
1541 1020 1647 1062 dia-

147 1086 268 1129 bolo
300 1089 349 1128 et
381 1086 592 1141 angelis
624 1087 767 1128 eius?
793 1087 878 1128 iam
899 1086 1004 1128 illud
1027 1086 1111 1128 dici
1131 1087 1385 1140 superfluum
1406 1089 1505 1141 puto
1526 1087 1647 1130 illum

102 1175 135 1200 15
149 1156 198 1198 de
229 1155 334 1198 aeris
381 1156 503 1198 istius
534 1155 845 1197 conuersatione
890 1155 1093 1208 quandam
1136 1155 1452 1197 crassitudinem
1483 1158 1532 1198 de
1563 1157 1643 1198 ele-

148 1227 382 1266 mentorum
413 1225 671 1267 concretione
692 1225 879 1267 traxisse.
927 1224 993 1265 dic
1013 1223 1130 1277 mihi,
1162 1223 1196 1264 si
1217 1235 1362 1278 corpus
1384 1236 1462 1266 non
1485 1223 1647 1278 habuit,

147 1293 319 1336 ubinam
350 1294 395 1335 in
426 1307 519 1336 aere
552 1294 775 1345 concretio,
807 1293 878 1335 ubi
909 1305 998 1335 sese
1030 1293 1131 1334 haec
1162 1293 1252 1345 ipsa
1282 1293 1417 1334 nescio
1439 1304 1541 1345 quae
1564 1293 1646 1334 col—

147 1362 277 1415 ligere
322 1364 458 1415 potuit
498 1363 737 1412 crassitudo,
778 1363 812 1404 si
853 1374 990 1404 secum
1032 1361 1185 1414 aliquid
1228 1361 1436 1414 corporale
1477 1362 1527 1402 de
1571 1360 1647 1402 illa

149 1431 317 1473 caelesti
358 1444 449 1474 arce
490 1444 571 1473 non
611 1431 794 1474 detulit?
834 1430 1031 1480 alienum,
1064 1431 1111 1471 ut
1141 1431 1271 1483 uideo,
1304 1441 1448 1483 corpus
1479 1430 1530 1470 ad
1560 1429 1645 1471 tor-

102 1501 290 1545 nomenta
329 1501 524 1554 portabit.
578 1512 723 1553 corpus
765 1500 903 1553 itaque
943 1511 1032 1540 esse
1074 1498 1203 1540 etiam
1235 1510 1282 1540 ex
1312 1498 1384 1539 tua
1414 1497 1643 1538 adsertione

148 1581 409 1624 recognosce.
463 1580 608 1622 corpus
641 1570 704 1611 est
741 1571 847 1622 quod
878 1567 1076 1618 inficitur,
1123 1567 1230 1619 quod
1265 1566 1509 1619 maculatur,
1541 1566 1647 1619 quod
1683 1565 1695 1576 ⁶

287 1730 330 1764 13
355 1727 485 1763 Matth.
510 1727 567 1771 25,
591 1727 634 1762 41

219 1877 238 1911 1
271 1876 379 1922 uasti]
406 1875 507 1910 uenti
537 1876 572 1910 Z
707 1873 869 1919 placebat
894 1875 943 1918 Z,
984 1873 1148 1918 implebit
1173 1873 1208 1908 R
1345 1873 1367 1906 2
1398 1871 1500 1906 modo
1526 1881 1590 1905 om.
1617 1871 1653 1905 Z

148 1938 320 1974 Canisius
456 1938 528 1973 ista
553 1939 588 1973 Z
722 1939 744 1972 3
768 1941 804 1972 et
828 1948 895 1973 om.
923 1937 956 1971 Z
972 1936 1143 1972 Canisius
1281 1936 1302 1969 6
1334 1934 1543 1969 absentatur
1577 1933 1645 1967 Ma

150 2006 185 2037 et
222 2002 390 2038 Schottus
543 2001 723 2036 descendit
758 2001 794 2035 Z
815 2000 1003 2041 Canisius‚
1050 1998 1212 2033 ascendet
1248 1998 1284 2033 R
1427 1996 1491 2031 illo
1527 1995 1560 2029 Z

152 2060 171 2094 7
207 2060 464 2104 qui-eiectus
494 2070 512 2094 e
542 2060 638 2094 caelo
676 2069 742 2094 om.
779 2058 815 2092 Z
833 2058 1003 2093 Canisius
1146 2056 1167 2090 9
1206 2054 1452 2100 proturbatum
1489 2053 1556 2087 Ma

152 2117 196 2152 10
220 2128 290 2152 non
314 2117 423 2152 habet
446 2128 513 2152 om.
539 2117 598 2160 H,
637 2116 770 2151 inserit
787 2119 873 2160 post
898 2115 1090 2150 deiectione
1116 2113 1145 2148 S
1260 2111 1345 2157 quid
1369 2111 1500 2146 decidit
1525 2110 1646 2145 Schot-

150 2178 225 2217 τας,
265 2175 327 2220 qui
358 2174 490 2210 decidit
522 2174 557 2208 Z
570 2174 757 2217 Οαηὶεἱαε,
799 2173 885 2218 quid
910 2173 1038 2207 cecidit
1069 2172 1136 2206 Ma
1282 2170 1324 2204 11
1356 2169 1458 2202 audis
1490 2167 1561 2202 RZ

152 2234 195 2269 12
230 2234 261 2267 si
295 2234 351 2279 ut]
389 2233 480 2268 sicut
515 2233 548 2267 Z
684 2232 820 2276 corpus]
857 2232 932 2275 ipse
969 2230 1042 2264 Mb
1178 2239 1248 2263 non
1280 2226 1389 2262 habet
1420 2236 1485 2260 om.
1518 2225 1584 2259 Ma
1616 2228 1647 2258 et

151 2290 319 2326 Schottus
436 2291 480 2325 13
504 2291 566 2335 qui
583 2288 893 2334 paratus—illum
920 2299 986 2323 om.
1013 2288 1047 2322 Z
1052 2290 1059 2306 ¹
1178 2287 1220 2321 15
1245 2285 1298 2329 de]
1325 2286 1362 2318 in
1387 2283 1557 2319 Canisius

149 2348 324 2393 quendam
361 2348 396 2382 Z
531 2348 574 2382 16
610 2345 846 2390 concretione]
878 2355 947 2379 non
980 2344 1153 2379 creatione
1183 2343 1219 2378 R
1356 2340 1463 2374 habet
1500 2338 1651 2373 ABEF

150 2405 333 2448 Schottus,
365 2405 536 2441 Canisius
676 2404 716 2438 17
750 2402 811 2437 nbi
841 2403 1013 2438 Cani-sius
1150 2401 1187 2434 in
1210 2399 1299 2442 aere]
1327 2398 1504 2431 inhaerere
1530 2396 1564 2430 Z
1577 2395 1645 2430 Ca-

150 2463 271 2498 m'sius
437 2462 658 2497 concretione
694 2461 766 2495 Mb
939 2470 974 2493 se
1010 2458 1045 2492 Z
1215 2465 1283 2500 qua
1320 2453 1532 2489 ABGEFR
1557 2453 1645 2493 Sch„

151 2523 221 2564 qua
246 2519 388 2555 HMSb
528 2519 569 2553 19
600 2519 702 2563 arche
727 2518 813 2560 RZ,
855 2517 955 2552 arclle
986 2516 1071 2555 CH,
1113 2513 1217 2549 archa
1248 2511 1399 2546 ABEF
1532 2510 1584 2554 ut]
1610 2512 1645 2543 et

150 2577 184 2611 Z
296 2578 513 2611 tormentum
539 2576 712 2611 Canisius
826 2574 872 2608 20
896 2573 1054 2618 portauit
1079 2571 1148 2606 Mb
1166 2570 1351 2609 Schottus,
1392 2567 1550 2612 portabis
1575 2566 1645 2601 Ca-

150 2634 270 2668 nisius
406 2644 471 2668 sua
507 2633 682 2668 Cam'sius
820 2632 861 2664 21
899 2639 1103 2675 cognoscere
1139 2627 1200 2668 M,
1250 2635 1416 2670 cognosce
1450 2624 1528 2658 rell.
1563 2622 1646 2657 libri

151 2690 329 2726 Mamerti
354 2695 387 2726 et
413 2690 584 2726 Schottus
720 2688 885 2723 infinitur
910 2687 944 2721 Z
