1884 2998
629 63 687 98 De
712 64 836 99 statu
859 64 1033 99 animae
1063 65 1082 100 Ι
1106 64 1139 100 3.
1576 64 1632 108 35

132 188 323 232 adficitur
371 188 507 230 creata
550 187 786 230 substantia
827 188 1162 231 substantialiter
1206 189 1249 230 in
1290 190 1366 232 deo
1406 190 1504 240 sint,
1551 202 1631 232 non

133 255 440 300 accessibiliter.
511 267 636 310 perge
687 255 747 298 sic
796 255 950 308 dicere,
1001 268 1083 299 non
1136 257 1412 312 interspergat
1460 258 1633 301 sinceri-

133 325 214 367 tati
238 323 430 366 ueritatis
455 323 691 378 ignorantia
721 324 1049 378 praesumptiosa
1078 325 1353 367 mendacium.
1404 326 1633 369 humanum

133 394 196 436 est
241 405 387 446 nempe
433 392 691 445 delinquere:
737 391 967 434 humanum
1011 393 1075 434 est
1117 404 1189 446 pro
1230 393 1378 436 delicto
1411 395 1633 448 paenitere.

106 473 254 506 5nemo
302 459 573 516 periculosius
624 461 870 513 peccauerit,
930 471 1055 514 quam
1100 460 1170 514 qui
1220 463 1388 514 peccata
1436 462 1633 506 defendit.

134 541 311 583 namque
354 527 641 583 inpassibilem
681 528 868 583 nullique
907 528 1089 570 adfectui
1130 528 1408 571 subiacentem
1448 542 1635 574 summae

136 598 372 641 diuinitatis
405 596 643 647 essentiam,
674 597 722 638 ut
750 597 842 638 tute
873 596 1132 651 pronuntias,
1164 609 1258 639 cum
1287 597 1535 651 philosophis
1556 611 1635 641 non

136 678 314 709 recusas.
366 665 536 720 proinde
567 664 815 707 intestinum
847 665 1005 707 bellum
1034 665 1142 719 pelle
1174 665 1325 707 animo.
1378 668 1536 707 certum
1558 666 1636 708 tibi

137 736 194 779 sit
224 734 448 777 ueritatem
479 734 598 783 falso,
630 733 739 775 sicut
762 734 985 776 essentiam
1010 733 1155 786 nihilo,
1179 733 1499 787 haudquaquam
1522 746 1636 789 posse

92 804 314 849 10misceri.
364 806 410 844 tu
458 805 599 844 autem
645 802 748 844 dicis
793 802 930 857 adfici,
978 814 1100 856 quem
1141 814 1264 854 negas
1303 802 1404 855 pati.
1458 804 1491 845 si
1531 803 1638 845 enim

140 872 306 915 adfectu
347 883 427 913 non
469 873 591 919 caret,
634 870 967 924 inpassibilitatis
1014 872 1063 913 de
1105 873 1245 913 eodem
1287 870 1414 914 fallax
1444 871 1639 925 professio

139 941 217 984 est.
267 940 447 983 alterum
477 939 600 982 alteri
631 938 837 982 inmodice
868 942 1092 994 repugnat:
1124 940 1195 993 qui
1215 939 1288 991 ait,
1321 940 1495 982 sensit
1525 952 1638 983 con-

138 1008 404 1064 patientis
436 1009 679 1058 adfectu,
713 1020 794 1050 non
824 1009 894 1058 ait,
929 1010 1035 1062 quod
1058 1009 1100 1050 in
1121 1008 1306 1061 passione
1327 1008 1432 1051 nihil
1453 1008 1636 1051 senserit.

139 1091 258 1132 porro
288 1078 336 1119 tu
367 1077 482 1131 diciS,
515 1074 623 1129 quod
653 1077 752 1118 deus
782 1086 862 1116 non
895 1073 1086 1116 adficitur
1114 1074 1381 1128 passibiliter,
1415 1086 1509 1128 ergo
1536 1075 1638 1118 adfi-

96 1167 128 1193 15
142 1149 250 1190 citur
280 1159 363 1189 non
394 1144 663 1200 passibiliter.
711 1143 819 1197 quod
851 1142 910 1185 ita
943 1144 1005 1185 est
1027 1155 1074 1185 ac
1096 1143 1131 1184 si
1153 1143 1359 1198 quispiam
1382 1143 1512 1185 dicat:
1534 1145 1643 1186 stat

141 1218 242 1259 iste
281 1227 517 1268 currens,
560 1212 755 1255 dormit
795 1211 889 1254 ille
929 1211 1187 1266 uigilans,
1230 1212 1338 1266 quod
1378 1212 1520 1265 utique
1561 1223 1642 1253 non

141 1286 240 1328 sinit
292 1284 594 1327 contrariorum
644 1281 933 1335 discrepantia.
1015 1293 1094 1335 quo
1144 1280 1272 1335 igitur
1322 1278 1485 1333 proficit
1535 1279 1642 1333 quod

141 1353 268 1397 adicis
298 1352 671 1407 passibiliter,
705 1363 801 1393 cum
831 1350 913 1392 dici
934 1349 1146 1392 uerissime
1168 1348 1489 1402 plenissimeque
1509 1346 1641 1402 possit

142 1435 243 1466 non
289 1421 548 1464 adficitur
593 1421 751 1463 deus?
791 1431 871 1461 non
914 1418 1023 1460 caret
1063 1429 1192 1459 naeuo
1224 1416 1469 1470 suspicionis
1507 1416 1642 1470 biceps

96 1511 129 1536 20
141 1494 224 1534 ista
273 1491 518 1545 prolocutio.
583 1490 707 1532 deum
758 1501 839 1530 non
893 1487 996 1529 dicis
1046 1486 1145 1540 pati,
1197 1499 1320 1540 quem
1361 1485 1462 1527 dicis
1508 1483 1642 1526 adfici.

143 1561 319 1604 adfectio
367 1563 408 1602 et
454 1560 590 1614 passio
634 1570 766 1601 unum
810 1557 1002 1610 idemque
1043 1554 1272 1609 significat:
1314 1556 1386 1596 aut
1425 1555 1644 1606 utrumque

142 1629 360 1673 sustuleris
400 1632 472 1671 aut
513 1628 558 1670 in
598 1627 798 1670 alterutro
839 1625 1062 1678 utrumque
1106 1622 1348 1666 seruaueris.
1400 1633 1479 1663 non
1516 1621 1646 1674 igitur

214 1779 231 1812 1
259 1778 422 1813 creatura
446 1776 477 1812 S
586 1775 609 1809 2
633 1773 875 1818 interspergat
904 1772 948 1814 G,
985 1771 1077 1806 inter
1093 1769 1284 1814 adspergat
1307 1768 1365 1810 M,
1406 1768 1443 1802 in
1462 1768 1497 1802 te
1513 1777 1646 1811 resper-

144 1849 209 1892 gat
225 1847 302 1882 rell.
321 1850 353 1882 et
369 1846 419 1880 M
430 1846 471 1880 in
487 1855 601 1890 mmy.
703 1842 908 1878 sinceritate
925 1840 1055 1883 H²Ls‚
1082 1838 1321 1874 sinceritatem
1338 1837 1410 1872 Mb
1512 1837 1535 1871 3
1550 1847 1647 1881 prae-

145 1927 341 1972 sumptiosa
367 1926 429 1969 G¹‚
471 1925 753 1970 praesumptiosi-1
781 1923 841 1964 G2,
880 1901 1092 1967 psumptud³²
1122 1919 1165 1962 S,
1212 1917 1451 1963 praesumptio
1476 1917 1512 1950 et
1537 1916 1557 1951 b

145 1984 428 2030 praesumptiosa
452 1981 675 2017 mendacium
701 1991 767 2016 om.
799 1980 853 2022 0¹,
882 1979 967 2015 add.
991 1978 1034 2013 0²
1050 1978 1091 2012 in
1107 1986 1221 2021 mary.
1352 1974 1375 2008 4
1398 1973 1648 2007 humanum—

146 2042 352 2086 delinquere
376 2050 444 2076 om.
469 2039 559 2075 M¹b
690 2037 930 2082 derelinquere
955 2035 1000 2070 Η
1131 2033 1154 2068 5
1177 2031 1374 2087 peccauerit
1397 2030 1433 2065 B
1548 2030 1570 2064 6
1595 2029 1647 2064 af-

146 2111 243 2145 fectu
267 2110 325 2145 H¹
465 2108 635 2152 summae]
661 2106 727 2141 sub
751 2116 807 2140 me
832 2105 868 2141 R
1007 2103 1027 2137 7
1051 2104 1126 2136 tote
1149 2100 1296 2136 B¹H¹R
1432 2100 1454 2134 8
1478 2098 1580 2144 pelle]
1605 2097 1648 2132 ab

146 2167 233 2202 add.
266 2165 337 2201 Mb
475 2165 497 2200 9
522 2167 763 2208 autquaquam
790 2162 826 2198 R
966 2161 1004 2194 11
1037 2158 1163 2193 affectu
1187 2156 1223 2192 R
1361 2155 1649 2200 inpassibilitatis

146 2223 315 2265 A²GMb,
356 2221 612 2268 passibilitatis
636 2221 714 2256 rell.
739 2223 774 2255 et
799 2219 878 2255 Βοὴ.
1020 2215 1061 2250 12
1093 2213 1280 2248 immodice
1308 2214 1481 2256 repugnat
1511 2211 1648 2254 EFU,

147 2279 335 2315 immodico
359 2279 550 2323 impugnat
575 2277 658 2319 Mb,
699 2277 808 2311 immo
834 2275 949 2310 dicere
973 2272 1149 2318 inpugnat
1172 2268 1484 2312 ABOF¹HLRS‚
1525 2268 1649 2302 immo-

148 2338 224 2373 dice
247 2338 437 2382 impugnat
460 2336 500 2371 D
519 2336 610 2378 Sela,
647 2335 801 2369 alterum
825 2333 938 2367 altero
963 2329 1149 2366 immodice
1175 2327 1371 2372 impugnat,
1398 2325 1459 2370 qui
1481 2324 1533 2359 ait
1556 2324 1648 2360 coni.

148 2395 332 2431 Barthius
470 2394 512 2429 13
537 2393 589 2427 nil
613 2392 700 2427 libri
717 2393 870 2436 praeter
900 2388 977 2425 GM
1105 2386 1147 2421 15
1171 2385 1284 2419 dicam
1309 2383 1345 2417 A
1471 2382 1568 2416 llstat
1592 2383 1651 2424 (=

147 2453 252 2496 istat)
286 2451 323 2488 R
463 2451 506 2485 16
536 2450 622 2495 iste]
646 2449 708 2484 ille
735 2446 897 2489 BDEF,
939 2447 990 2480 ste
1023 2444 1052 2480 C
1190 2441 1231 2476 17
1263 2440 1344 2485 quo]
1370 2438 1455 2484 quid
1487 2438 1560 2473 Mb

149 2509 195 2544 20
226 2508 310 2554 ista]
335 2509 375 2544 ta
410 2508 525 2551 A¹B¹,
566 2509 630 2542 tua
664 2506 727 2548 13²,
770 2506 826 2539 sta
861 2503 898 2539 R
1034 2498 1232 2546 prolucutio
1268 2496 1304 2532 R
1440 2494 1649 2539 prolocutio]

149 2567 179 2601 si
204 2565 290 2602 add.
317 2566 352 2602 G
490 2575 558 2610 quo
588 2562 741 2600 0HL²S
755 2562 846 2604 Seh„
887 2559 981 2605 quod
1005 2555 1233 2593 AB¹F¹L¹R
1369 2552 1411 2587 21
1445 2550 1652 2595 significant

156 2624 190 2660 G
329 2624 375 2659 22
404 2624 442 2658 in
475 2633 542 2659 om.
576 2622 615 2658 D
752 2620 927 2656 alterutro
959 2619 1149 2660 utrumque
1180 2613 1222 2654 G,
1263 2611 1373 2646 altero
1397 2611 1584 2653 utrumque
1607 2607 1656 2643 M

150 2682 191 2716 in
216 2691 326 2727 marg.
351 2681 372 2716 b
389 2680 489 2724 Sola,
529 2680 811 2723 alterutrumque
835 2676 915 2712 rell.
1052 2670 1208 2708 seruabis
1234 2669 1294 2704 M·

1466 2734 1517 2767 38
