1884 2998
192 106 263 136 1111

141 218 179 261 R
255 217 389 260 Codex
418 216 694 258 bibliothecae
726 214 950 257 Vaticanae
975 209 1220 268 Reginensis
1250 227 1313 256 nr.
1345 215 1425 258 201
1458 217 1685 259 membran.

194 287 238 328 in
277 285 323 328 8⁰
361 285 553 327 foliorum
591 285 647 327 80
685 296 788 326 saec.
819 283 858 324 X
887 283 1068 336 scriptus
1107 284 1248 325 eadem
1289 295 1392 337 quae
1423 283 1460 326 A
1492 284 1688 337 continet,

194 354 276 397 nisi
315 353 421 407 quod
460 352 615 394 uerbis:
661 351 773 393 illud
818 350 1094 404 ampliuscule
1130 351 1398 393 sermocinati
1433 364 1578 394 sumus
1616 352 1686 406 (cf.

196 423 294 465 edit.
325 434 420 476 pag.
455 422 548 472 188,
579 422 622 474 9)
658 420 821 462 desinit.

143 536 170 579 S
250 536 385 579 Codex
422 535 699 578 bibliothecae
739 534 965 576 Vaticanae
1000 533 1215 575 Palatinus
1246 547 1308 577 nr⁶
1338 534 1423 577 240
1453 535 1684 579 membran.

24 1179 140 1206 Codices

14 1222 62 1241 ece

193 606 238 647 in
267 604 315 646 4⁰
343 604 536 646 foliorum
566 604 621 646 64
650 615 753 646 saec.
788 603 851 645 XI
881 603 1067 644 exaratus
1089 601 1305 644 Claudiani
1326 605 1376 645 de
1397 604 1508 645 statu
1528 605 1687 647 animae

193 674 318 716 libros
349 672 532 715 continet
562 671 834 725 capitulorum
863 669 999 712 indice
1029 670 1192 712 omisso.
1238 671 1360 713 huius
1382 673 1424 714 et
1445 672 1687 726 Reginensis

195 742 344 783 codicis
374 742 608 782 accuratam
629 738 894 781 collationem
925 738 1100 780 confecit
1123 738 1322 780 Nicolaus
1352 739 1528 781 Mueller
1549 741 1686 794 Lipsi-

194 810 314 858 ensis,
338 822 459 862 quam
480 821 619 849 meum
640 809 683 849 in
703 820 824 849 usum
845 807 1100 861 comparauit
1122 820 1156 849 c.
1175 821 1209 849 r.
1226 808 1437 850 academia
1455 809 1688 851 litterarum

193 877 530 921 Vindobonensis.
581 876 759 930 reliquos
805 876 960 918 codices
1006 888 1147 918 omnes
1191 877 1279 930 ipse
1329 877 1486 919 excussi
1534 878 1689 930 partim

193 946 363 989 Parisiis
405 959 502 987 uere
533 945 629 986 anni
661 944 783 997 1883,
820 945 976 997 partim
1007 944 1286 995 Vindobonae,
1333 958 1411 1000 quo
1456 946 1689 989 transmissi

194 1015 291 1056 sunt
348 1013 626 1055 intercedente
685 1013 826 1055 eadem
887 1013 1097 1055 academia
1156 1013 1312 1056 codices
1366 1013 1590 1068 Lipsiensis
1649 1018 1690 1057 et

192 1083 414 1125 Heluetici.

124 1222 170 1241 ,es
244 1185 498 1238 Comparatis
537 1183 601 1226 his
639 1184 742 1226 artis
780 1184 948 1226 criticae
986 1184 1182 1227 subsidiis
1220 1184 1343 1227 facile
1381 1185 1566 1227 intellexi
1603 1197 1685 1227 non

191 1254 367 1308 amplius
407 1266 507 1306 opus
544 1265 630 1294 esse
668 1252 836 1306 reliquis
878 1255 1001 1306 atque
1040 1253 1092 1294 iis
1130 1253 1426 1295 recentioribus
1473 1253 1684 1295 codicibus

190 1324 241 1366 ad
271 1323 431 1364 textum
462 1320 680 1364 Claudiani
711 1323 822 1363 recte
853 1321 1201 1363 constituendum.
1253 1322 1524 1364 adseruantur
1546 1322 1685 1364 autem

191 1392 278 1434 eius
307 1391 467 1446 generis
497 1390 542 1431 in
571 1389 834 1433 bibliothecis
856 1390 953 1433 libri
979 1390 1092 1432 haud
1112 1390 1246 1444 pauci,
1268 1403 1441 1444 quorum
1462 1403 1536 1444 ego
1559 1391 1686 1432 habeo

191 1460 396 1513 notitiam,
442 1471 571 1512 neque
611 1458 764 1512 deesse,
805 1470 905 1513 quos
935 1459 1119 1501 nondum
1149 1460 1349 1511 nouerim,
1399 1459 1568 1501 confido,
1619 1458 1688 1500 sed

192 1541 238 1571 ex
275 1530 448 1582 utroque
487 1528 672 1571 codicum
710 1540 857 1582 genere
887 1528 998 1571 haud
1027 1540 1223 1582 magnam
1252 1528 1572 1570 redundaturam
1602 1540 1686 1569 esse

190 1597 418 1639 utilitatem
446 1608 517 1650 pro
549 1598 658 1639 certo
681 1597 990 1649 affirmauerim,
1016 1610 1139 1651 quare
1159 1597 1303 1652 paucis
1325 1598 1482 1639 codices
1503 1595 1686 1638 nouicios

189 1666 293 1707 mihi
326 1668 442 1707 notos
473 1665 663 1720 tetigisse
704 1666 769 1707 sat
799 1666 889 1707 erit.
935 1666 1033 1708 sunt
1071 1668 1211 1708 autem
1241 1666 1304 1709 hi:
1345 1665 1466 1707 codex
1507 1665 1687 1719 Angelo-

189 1737 408 1777 montanus
439 1735 517 1789 12³&
546 1735 718 1776 membr.
752 1747 859 1777 saec.
899 1734 984 1777 XII
1016 1734 1198 1777 exeuntis
1230 1734 1283 1777 78
1315 1734 1510 1777 foliorum
1541 1735 1686 1776 ceteris

191 1803 405 1846 Claudiani
426 1802 638 1845 codicibus
658 1802 891 1845 Helueticis
912 1803 1012 1845 satis
1029 1803 1196 1846 similis.
1228 1803 1459 1846 collationis
1477 1803 1684 1856 specimen

188 1873 237 1914 R.
269 1873 373 1914 Beer
403 1872 506 1913 mihi
537 1871 785 1914 transmisit.
809 1896 862 1902 —
884 1873 1008 1914 codex
1029 1873 1238 1915 Trecensis
1268 1885 1330 1914 nr.
1352 1871 1436 1914 256
1468 1884 1573 1914 saec.
1605 1871 1686 1912 XII

190 1941 261 1995 (cf.
294 1940 513 1993 cataloyue
540 1939 713 1993 general
742 1941 814 1982 des
842 1940 1099 1982 manuscrits
1127 1941 1198 1983 des
1228 1939 1518 1993 bibliotheques
1543 1940 1684 1993 publi-

188 2021 286 2061 ques
315 2008 384 2049 des
414 2007 737 2061 Departemeuts
758 2010 799 2051 H
822 2009 933 2062 128).
956 2034 1011 2039 -
1033 2010 1159 2051 codex
1179 2010 1441 2051 Monacensis
1462 2023 1522 2053 nr.
1549 2010 1687 2053 16064

188 2077 363 2119 membr.
396 2077 439 2119 in
459 2078 509 2119 4⁰
539 2090 641 2119 saec.
675 2078 997 2120 XIII—XIIII.
1018 2102 1074 2108 —
1096 2079 1219 2120 codex
1249 2079 1581 2121 Meermanianus
1601 2078 1685 2122 507

189 2146 443 2199 (Middlehill
474 2159 536 2187 nr.
568 2146 694 2200 1714,
737 2146 788 2189 cf.
819 2147 999 2202 Haenel,
1031 2147 1212 2201 cataloyi
1243 2146 1446 2189 librorum
1476 2161 1571 2189 mss.
1605 2152 1684 2191 etc.

189 2215 299 2268 Lips.
341 2215 450 2256 1830
487 2227 526 2267 p.
559 2212 659 2270 852)
693 2215 920 2258 membran.
952 2228 1054 2258 saec.
1085 2215 1189 2257 XIII
1220 2216 1412 2267 ineuntis,
1446 2229 1522 2270 quo
1554 2219 1682 2260 conti-

189 2284 358 2326 nentur:
404 2282 585 2335 epistula
624 2282 860 2325 Claudiani
899 2284 957 2326 ad
995 2284 1219 2326 Sidonium
1248 2285 1499 2338 episcopum,
1532 2299 1616 2338 qua
1645 2286 1684 2327 ei

189 2353 336 2392 contra
367 2350 578 2392 Faustum
608 2351 735 2393 libros
764 2352 1000 2406 dedicauit,·
1030 2352 1213 2405 epistula
1234 2353 1406 2396 Sidonii
1426 2353 1483 2395 ad
1506 2353 1683 2396 Claudi-

188 2432 343 2470 auuim·
380 2419 561 2460 eiusdem
598 2420 781 2472 epistula
818 2420 867 2462 de
904 2424 1033 2462 morte
1074 2420 1309 2464 Claudiani
1347 2424 1384 2463 et
1420 2422 1684 2475 epitaphium

190 2487 280 2540 (lib.
311 2487 395 2529 IIII
427 2501 488 2541 ep.
520 2488 621 2541 XI);
658 2489 811 2531 incerti
842 2491 1026 2532 auctoris
1066 2493 1130 2544 (ut
1156 2490 1239 2543 fert
1267 2489 1427 2545 titulus,
1457 2493 1516 2531 est
1545 2493 1683 2532 autem

191 2553 346 2596 Fausti
383 2555 589 2610 Reiensis)
624 2556 786 2600 libellus
816 2558 1019 2601 aduersus
1041 2559 1231 2600 Arianos
1260 2561 1298 2601 et
1329 2558 1683 2610 Macedouiauos;

191 2623 424 2666 Claudiani
463 2624 563 2666 libri
599 2624 684 2668 III
716 2626 766 2668 de
803 2629 919 2669 statu
958 2628 1141 2671 animae.
1200 2641 1281 2682 qua
1318 2641 1365 2670 ex
1395 2628 1583 2670 Haenelii
1613 2629 1684 2669 de-

189 2693 404 2746 scriptione
453 2694 605 2737 librum
657 2707 751 2737 cum
801 2696 935 2739 codice
985 2697 1343 2751 Montepessulano
1383 2698 1420 2739 D
1456 2697 1676 2739 maximam
