1884 2998
595 80 654 115 De
678 83 804 116 statu
832 83 1006 118 animae
1036 83 1055 118 I
1079 83 1112 118 3.
1546 90 1601 132 33

100 204 227 247 sicuti
272 204 335 246 est
375 203 605 246 similitudo
646 205 715 256 sit,
757 205 1040 258 incorpoream
1081 207 1279 259 dicamuS,
1324 212 1439 254 extra
1477 212 1601 256 fidem

99 274 186 315 fore
233 273 491 326 pronuntias.
551 271 622 314 sed
671 272 768 314 hinc
815 270 1099 326 postmodum,
1140 277 1190 318 de
1230 278 1394 322 adfectu
1433 280 1600 322 interim

99 342 365 383 disseramus.
428 353 577 396 ergone
618 339 654 382 si
694 340 755 382 sic
797 342 1016 384 crucifixus
1061 344 1125 385 est
1163 343 1366 399 Christus,
1411 348 1460 390 ut
1487 361 1601 391 sum-

99 423 191 453 mae
223 409 459 452 diuinitatis
488 408 678 451 uniuerso
708 410 863 451 mundo
901 411 1198 454 intemerabilis
1238 414 1602 469 incorruptibilitas

71 479 293 522 5crucifixa
338 479 540 530 credatur,
593 478 704 520 dicas
746 478 887 530 uelim,
938 479 1018 521 nisi
1063 481 1309 524 iniuriosum
1354 486 1430 538 est,
1480 497 1599 537 quem

98 551 193 603 post
242 547 524 590 humilitatem
576 545 723 588 mortis
765 558 788 587 a
827 559 987 590 summo
1032 548 1119 600 deo,
1160 550 1203 591 id
1245 552 1310 592 est
1355 552 1441 605 ipsa
1480 552 1600 594 trini·

100 617 187 659 tate
232 616 462 659 exaltatum
509 627 596 657 esse
638 615 749 656 credi
796 615 852 657 sit
894 616 1074 672 licitum,
1119 619 1183 660 cui
1228 630 1425 671 nomen,
1472 621 1602 673 quod

100 698 259 740 supra
308 697 451 727 omne
502 684 571 725 sit
621 694 821 738 nomen,
872 684 999 727 fuisse
1050 685 1290 729 conlatum?
1339 687 1404 728 illi
1454 700 1602 741 nempe

101 754 302 804 arbitror,
357 753 427 807 qui
487 751 773 794 oboediens
837 752 1008 795 factus
1066 766 1230 808 usque
1278 755 1340 797 ad
1390 758 1603 798 mortem

56 837 89 862 ιο
101 824 267 877 propter
305 820 528 864 ineffabilis
566 820 818 862 humilitatis
860 821 1158 864 oboedientiam
1199 822 1466 866 ineffabiliter
1505 824 1603 866 sub-

100 892 272 933 limatus
329 891 372 933 in
428 890 605 945 gloriam
656 891 719 931 est
770 890 835 931 dei
886 891 1027 944 patris.
1098 893 1200 934 aude
1250 891 1307 933 sis
1355 904 1435 933 non
1485 892 1604 934 fateri

102 959 279 1002 eundem
308 959 464 1013 gloriae
495 957 708 1000 dominum
740 970 861 1011 quem
891 958 1035 1001 fateris
1064 959 1243 1001 hominis
1273 959 1419 1002 filium.
1459 973 1603 1002 uerum

101 1030 148 1071 tu
188 1028 274 1080 illo,
323 1040 401 1082 quo
443 1026 603 1069 dictum
648 1026 733 1068 est:
780 1038 1051 1080 numquam
1096 1027 1359 1069 dominum
1402 1028 1604 1081 gloriae

103 1096 539 1148 crucifixissent,
581 1096 623 1137 in
659 1095 702 1137 id
732 1095 797 1136 uti
827 1095 954 1147 uoles,
996 1098 1044 1137 ut
1083 1096 1195 1138 haud
1237 1096 1359 1138 dubie
1400 1096 1603 1144 credatur,

57 1180 90 1206 15
103 1168 210 1221 quod
255 1167 346 1221 ipsa
390 1164 591 1209 diuinitas
630 1165 754 1218 queat
788 1163 921 1215 adfici,
971 1163 1006 1205 si
1043 1163 1179 1217 potuit
1225 1164 1421 1219 crucifigi.
1473 1165 1604 1219 igitur

103 1237 244 1290 aperto
293 1235 506 1288 proloquio
552 1232 832 1275 manifestasti
881 1232 1130 1276 sententiam
1176 1235 1305 1277 tuam.
1365 1246 1463 1276 nam
1509 1246 1602 1275 cum

102 1305 255 1348 idcirco
296 1305 418 1347 adfici
460 1305 585 1346 deum
625 1303 1048 1358 inreprehensibiliter
1087 1307 1129 1346 te
1178 1302 1326 1346 dixisse
1373 1289 1601 1355 arbitreris,

103 1373 298 1427 quoniam
329 1374 486 1428 gloriae
517 1372 732 1415 dominum
764 1372 1004 1414 crucifixum
1035 1373 1244 1427 apostolus
1267 1370 1382 1425 dicit,
1405 1371 1446 1412 et
1465 1370 1597 1412 cruci-

103 1442 230 1484 fixum
260 1442 416 1497 gloriae
448 1442 663 1483 dominum
694 1441 753 1483 sic
775 1442 904 1494 accipi
936 1442 1089 1483 ueritas
1121 1440 1304 1490 suadeat,
1327 1452 1377 1480 ne
1403 1438 1600 1480 diuinitas

57 1510 298 1553 zocrucifixa
336 1510 539 1560 credatur,
579 1510 626 1551 tu
665 1521 762 1551 uero
794 1508 914 1550 adfici
955 1508 1219 1551 diuinitatem
1258 1506 1445 1549 obnixius
1480 1518 1600 1560 argu-

103 1581 300 1628 mentere,
334 1578 612 1620 defensitandi
644 1576 793 1619 erroris
825 1576 961 1620 studio
986 1577 1097 1619 haud
1118 1575 1411 1619 animaduertis
1433 1574 1602 1628 poenale

103 1647 221 1698 illud,
263 1647 370 1701 quod
408 1648 452 1688 in
489 1646 654 1689 homine
687 1645 849 1689 Christo
880 1646 1215 1700 persequentium
1245 1645 1379 1687 scelus
1412 1641 1604 1693 exercuit,

104 1716 184 1770 ipsi
223 1716 459 1758 inuiolabili
499 1715 714 1757 diuinitati
751 1715 957 1758 inflictum
994 1714 1120 1757 fuisse
1161 1715 1202 1756 te
1234 1713 1381 1756 dicere.
1434 1713 1539 1766 quod
1571 1711 1606 1752 si

245 1853 264 1887 7
289 1851 447 1897 Philipp.
472 1851 504 1894 2,
529 1851 550 1886 9
688 1851 708 1885 9
733 1851 891 1896 Philipp.
916 1851 948 1893 2,
974 1851 996 1885 8
1134 1850 1178 1884 13
1202 1849 1220 1883 I
1246 1849 1322 1884 Cor.
1348 1849 1380 1889 2,
1403 1848 1425 1882 8

178 1977 194 2010 1
235 1977 350 2011 secuti
384 1976 478 2020 BR,
527 1976 641 2011 sicuta
682 1976 711 2012 Ο
848 1976 908 2020 sit]
946 1975 997 2010 sic
1026 1985 1056 2019 p
1200 1974 1222 2008 2
1257 1973 1339 2007 hinc
1374 1972 1474 2014 libri,
1522 1971 1606 2006 haec

108 2033 262 2069 editores
399 2034 420 2068 3
454 2043 537 2079 ergo
570 2044 634 2068 nec
663 2033 700 2069 R
838 2033 868 2067 si
900 2043 964 2067 om.
991 2032 1077 2067 libri
1095 2035 1246 2075 praeter
1276 2030 1350 2065 Mb
1377 2033 1410 2064 et
1434 2029 1514 2064 Βοὴ.

108 2101 246 2126 summa
277 2090 451 2125 diuinitas
485 2091 505 2126 b
648 2091 671 2125 4
706 2090 838 2125 mundo
873 2090 985 2125 MRb
1003 2089 1103 2133 Seli,
1143 2088 1246 2122 modo
1281 2088 1358 2122 rell.
1496 2087 1606 2120 incor-

107 2147 366 2203 ruptibilitatis
402 2148 463 2190 M,
511 2147 792 2193 incorruptibilis
830 2147 850 2182 b
996 2147 1017 2181 5
1053 2146 1170 2181 uelum
1205 2144 1278 2179 BR
1415 2143 1436 2177 6
1473 2144 1606 2177 mortas

109 2217 140 2252 S
303 2218 325 2252 8
360 2227 488 2251 nomen
524 2216 572 2251 sit
610 2215 690 2250 Sch.
853 2214 912 2249 ille
956 2214 1027 2257 CS,
1077 2214 1180 2248 illum
1220 2213 1254 2248 G
1416 2212 1457 2246 11
1493 2210 1606 2254 gloria

107 2273 484 2309 ABDEFGH2LSb
646 2273 734 2307 aude
771 2274 819 2307 sis
855 2273 985 2316 scripsi
1019 2272 1160 2306 sublato
1196 2269 1492 2314 interrogationis
1521 2270 1606 2311 post

107 2331 223 2366 filium
246 2331 357 2376 siyno,
394 2330 501 2365 audes
524 2330 556 2365 is
581 2330 636 2371 M,
677 2329 785 2364 audes
810 2329 866 2363 hic
890 2329 951 2371 A²‚
988 2338 1054 2363 om.
1082 2327 1126 2370 G,
1162 2326 1268 2360 audes
1292 2325 1347 2358 his
1372 2324 1461 2367 rell„
1499 2322 1606 2357 audes

108 2410 224 2455 igitur
248 2411 278 2453 b,
315 2411 458 2445 audebis
484 2410 563 2445 Seli.
681 2409 723 2444 13
748 2409 841 2453 quod
863 2409 938 2451 GR,
974 2390 997 2452 q
1024 2407 1057 2443 G
1174 2406 1216 2441 15
1240 2404 1356 2449 queat]
1383 2414 1450 2448 que
1474 2403 1522 2437 M

108 2469 153 2503 18
185 2478 288 2512 quem
314 2468 359 2502 ad
383 2467 528 2502 modum
555 2467 634 2503 Sch.
774 2466 956 2500 dominum
982 2464 1115 2509 gloriae
1139 2460 1329 2497 ABDEF
1460 2459 1506 2493 20
1529 2460 1607 2493 tute

112 2523 147 2560 G
269 2524 439 2559 obnoxius
455 2522 849 2563 ACDDHLMRSb,
886 2522 1033 2555 obnixus
1054 2520 1088 2555 G
1208 2518 1455 2561 argumentere
1478 2515 1607 2559 scripsi

109 2580 227 2616 deleto
257 2584 342 2626 post
376 2581 495 2616 studio
529 2584 687 2625 puncto,
736 2578 996 2624 argumentaris
1032 2577 1105 2611 Mb
1147 2574 1340 2609 Har-telius
1380 2572 1605 2607 enuntiatum

109 2639 475 2683 tu—argumentaris
507 2649 574 2682 per
600 2637 843 2682 parenthesin
874 2636 1010 2670 dietum
1034 2644 1105 2669 esse
1128 2635 1310 2673 statuens,
1357 2630 1604 2673 argumentare

110 2696 186 2731 rell.
211 2699 244 2731 et
271 2696 349 2731 Sch.
489 2695 533 2730 21
558 2696 620 2729 aut
644 2691 1028 2730 ABGUEFHLRS
1162 2688 1279 2723 animll
1304 2686 1457 2721 aduertis
1484 2684 1513 2719 S

177 2764 241 2800 XI.
1449 2753 1471 2786 3
