1884 2998
202 133 282 174 116
711 129 950 164 Claudiani
980 129 1185 164 Mamerti

201 259 309 299 certe
348 267 490 308 corpus
530 253 793 307 longitudine
831 255 873 295 et
913 252 1138 296 latitudine
1178 254 1222 294 et
1257 253 1478 295 altitudine
1510 253 1699 304 dicimuS,

202 325 315 367 cuius
360 323 503 376 utique
542 323 725 375 spatium
764 321 917 375 grande
955 322 1023 363 uel
1061 334 1234 375 paruum
1265 333 1338 375 pro
1378 322 1442 363 sui
1473 321 1700 376 capacitate

201 403 425 435 censemus.
473 402 568 442 ergo
599 392 764 432 tantum
795 390 974 443 quidque
1013 389 1188 443 corporis
1230 390 1514 443 quodcumque
1556 401 1700 443 corpus

201 461 363 514 recipit,
396 460 597 513 quantum
629 471 698 512 pro
732 458 1004 512 amplitudine
1027 470 1155 511 capax
1188 460 1260 499 est.
1294 458 1352 500 sic
1374 458 1564 511 equidem
1585 459 1701 500 tran-

203 542 344 572 scenso
377 528 583 570 inferioris
620 528 828 569 creaturae
860 526 989 582 gradu
1015 526 1298 569 sublimiorem
1320 539 1437 569 cerne
1470 529 1699 569 creaturam
1731 541 1748 567 ⁵

204 600 246 640 et
279 597 407 640 animi
438 596 769 651 magnitudinem
801 596 865 638 sui
898 597 1126 649 capacitate
1156 595 1317 637 metire.
1360 606 1453 637 ecce
1485 607 1610 648 capax
1642 598 1703 637 est

207 666 346 709 anima
377 666 556 708 humana
578 664 816 719 sapientiae,
850 676 975 717 capax
1007 676 1185 717 namque
1207 665 1272 706 est
1293 664 1389 716 eius,
1413 675 1516 717 quae
1536 663 1701 705 intelle-

204 747 306 789 gens
348 734 434 775 eius
473 737 548 775 est,
595 746 690 787 ergo
721 735 767 775 ut
809 735 904 775 ante
953 731 1164 787 indeptam
1197 733 1444 787 sapientiam
1477 733 1701 787 sapientiae

203 815 333 857 capax
364 802 445 844 dici
476 815 558 844 non
588 803 736 856 potest,
769 802 827 843 sic
849 801 1072 854 antequam
1094 802 1298 855 particeps
1325 801 1411 843 eius
1433 801 1518 853 fiat,
1541 801 1702 854 sapiens

203 872 283 914 dici
321 883 403 912 non
434 871 582 924 potest.
634 871 728 912 istic
759 882 832 923 ego
863 870 1152 922 percontatum
1185 870 1320 920 uenio,
1353 870 1590 922 spatiumne
1621 869 1700 911 loci
1716 885 1747 911 10

200 941 284 982 fore
316 939 470 981 iudices
502 951 553 980 an
584 939 757 981 inlocale
787 938 957 992 aliquid,
991 950 1068 991 quo
1102 938 1264 992 capitur
1285 939 1516 992 sapientia?
1547 949 1620 991 ego
1641 937 1703 979 sic

202 1020 362 1061 censeo,
402 1009 507 1062 quod
538 1007 575 1049 si
606 1009 832 1049 secundum
869 1007 1048 1061 spatium
1081 1006 1306 1060 sapientiae
1338 1018 1465 1059 capax
1496 1007 1560 1048 est
1591 1006 1702 1060 sapi-

201 1077 310 1118 entis
344 1077 492 1126 anima,
526 1088 622 1131 ergo
652 1077 879 1119 secundum
910 1076 1061 1117 molem
1083 1087 1232 1129 magna
1253 1076 1316 1116 est
1337 1076 1548 1128 sapientia.
1594 1074 1701 1127 quod

202 1145 298 1198 quia
329 1156 408 1186 non
448 1144 548 1186 sinit
587 1145 669 1186 dici
707 1144 876 1195 ueritas,
909 1144 1084 1185 inlocale
1116 1144 1179 1185 est
1211 1144 1315 1196 quod
1357 1143 1479 1196 capit,
1518 1144 1565 1185 ut
1595 1143 1701 1185 inlo-

201 1214 287 1255 cale
318 1213 448 1266 possit
475 1225 563 1254 esse
594 1212 701 1266 quod
732 1212 906 1266 capitur.
959 1224 1008 1253 en
1038 1212 1118 1254 tibi
1140 1211 1311 1253 humani
1332 1211 1459 1253 animi
1484 1211 1571 1253 sine
1593 1212 1701 1253 mole
1717 1227 1749 1253 15

200 1282 545 1336 magnitudinem,
576 1281 737 1324 numeri
773 1294 883 1323 nunc
913 1281 1075 1322 intuere
1106 1281 1318 1323 rationem.

257 1360 618 1415 Animaduertisti‚
661 1364 708 1403 ut
748 1361 937 1415 arbitror,
982 1361 1083 1402 haec
1123 1373 1209 1402 esse
1245 1361 1288 1402 in
1321 1363 1554 1415 corporibus
1585 1363 1704 1417 signa

201 1442 478 1480 numerorum,
521 1429 628 1483 quod
668 1429 828 1472 scilicet
870 1442 1088 1472 numerosa
1133 1430 1218 1471 sint
1259 1441 1441 1484 corpora,
1484 1442 1587 1484 quae
1624 1431 1704 1473 sibi

206 1498 433 1540 secundum
463 1499 864 1552 praestantissimam
887 1499 1049 1540 numeri
1070 1499 1365 1553 aequalitatem
1387 1499 1570 1552 partium
1591 1499 1704 1553 pari-

203 1567 323 1609 litate
353 1567 640 1621 respondeant,
682 1570 730 1609 ut
761 1567 954 1621 quoniam
985 1566 1106 1609 unius
1137 1567 1188 1608 ad
1218 1580 1348 1608 unum
1380 1570 1420 1608 et
1450 1567 1623 1609 duorum
1653 1568 1703 1609 ad
1718 1585 1751 1610 20

204 1636 283 1677 duo
316 1636 357 1677 et
388 1638 439 1678 ad
469 1636 550 1678 tria
580 1636 710 1679 trium
750 1648 912 1679 summa
952 1636 1180 1690 aequalitas
1223 1639 1296 1687 est,
1337 1636 1394 1677 sic
1424 1637 1567 1678 itidem
1598 1635 1703 1678 illud

203 1716 469 1746 numerosum
501 1717 644 1758 corpus
676 1717 763 1748 esse
794 1703 992 1756 dicamus,
1025 1706 1131 1758 quod
1162 1707 1252 1747 rata
1275 1703 1530 1747 dimensione
1550 1705 1703 1747 forma-

270 1898 287 1932 1
320 1897 511 1932 altitudine
544 1899 581 1932 et
610 1897 804 1932 latitudine
836 1897 872 1932 R
1011 1897 1033 1931 3
1066 1897 1200 1941 qulldq-
1234 1897 1286 1940 D,
1327 1898 1415 1943 quiq
1444 1897 1496 1939 L,
1537 1896 1704 1942 quicquid

202 1966 253 2002 G²
277 1967 449 2010 editores,
493 1966 601 2023 quicq
627 1965 657 2001 S
790 1966 812 2000 4
844 1966 1061 2001 transcensio
1095 1966 1125 2001 S
1259 1967 1281 2001 5
1313 1969 1509 2002 creaturam
1535 1977 1637 2001 cerne
1661 1965 1710 2000 M

199 2045 352 2080 editores
490 2046 511 2080 6
548 2046 799 2091 magnitudine
834 2046 944 2082 ABR
1084 2047 1103 2081 7
1140 2046 1294 2092 humane
1332 2047 1369 2082 R
1507 2046 1627 2092 capax]
1667 2048 1703 2081 et

198 2124 266 2158 pax
289 2113 337 2147 M
343 2115 362 2147 b
489 2116 544 2149 est
568 2125 634 2151 om.
656 2117 700 2159 1⁰²
827 2116 915 2160 eius]
941 2116 1080 2150 animae
1106 2116 1147 2158 b,
1188 2116 1326 2150 animae
1350 2115 1424 2150 eius
1443 2126 1472 2160 p
1600 2115 1701 2160 quae]

199 2180 266 2215 que
301 2170 363 2205 uia
396 2171 572 2214 DE¹FP‚
616 2173 712 2207 unda
751 2174 848 2218 (quia
862 2172 895 2218 ,9)
935 2174 974 2216 Τ,
1017 2173 1077 2218 qui
1114 2175 1150 2208 et
1185 2174 1261 2219 (qui
1292 2184 1408 2218 supra
1436 2175 1619 2215 rasuram)
1658 2172 1702 2215 L,

198 2237 288 2272 quae
312 2230 349 2262 et
380 2228 423 2270 S,
463 2239 533 2273 qua
564 2229 660 2273 Seli,
702 2230 764 2274 qui
788 2230 843 2273 R,
884 2231 967 2275 quia
987 2232 1031 2275 1⁰²
1169 2231 1191 2266 8
1223 2232 1298 2265 eius
1331 2240 1397 2265 om.
1417 2241 1447 2275 p
1472 2234 1506 2265 et
1530 2229 1610 2266 Sch.

198 2286 253 2318 est
277 2295 344 2319 om.
369 2285 406 2319 A
544 2287 565 2320 9
590 2297 659 2321 non
683 2287 831 2322 inclusit
854 2288 1037 2323 Barthius
1177 2288 1222 2323 10
1250 2288 1313 2322 isti
1342 2289 1378 2322 A
1517 2297 1602 2332 crgo
1627 2287 1703 2322 BD

198 2341 349 2376 EFMS
361 2342 516 2378 editores
633 2347 861 2388 perconatum
883 2345 922 2388 Ο,
959 2347 1227 2389 percunctatum
1245 2345 1437 2381 ABDEF
1550 2345 1591 2380 11
1611 2345 1703 2389 sapi-

199 2397 333 2432 entiam
357 2399 394 2434 R
509 2400 560 2434 sic
577 2401 713 2446 censeo]
733 2412 917 2436 succenseo
934 2402 970 2437 R
1095 2403 1138 2438 12
1156 2403 1327 2447 sapientis
1349 2401 1515 2447 (sapienti
1533 2402 1567 2443 b)
1585 2402 1704 2436 anima

199 2454 391 2498 sapientiae
409 2466 516 2500 capax
534 2458 588 2490 est
605 2457 762 2492 editores
881 2459 1051 2503 sapientis
1064 2460 1240 2495 -molem
1258 2459 1343 2494 add.
1361 2460 1423 2494 M²
1438 2460 1481 2494 in
1497 2470 1612 2505 mary.

201 2511 244 2545 14
269 2521 338 2545 non
364 2522 430 2546 om.
457 2513 538 2548 Βοὴ.
679 2514 773 2549 sinet
797 2515 883 2550 libri
901 2519 1055 2560 praeter
1078 2516 1202 2552 AGM
1336 2516 1374 2551 in
1400 2516 1476 2551 loca
1499 2518 1554 2551 est
1578 2516 1613 2551 R

200 2568 243 2603 15
272 2577 340 2612 quo
367 2569 415 2603 M
421 2569 440 2604 b
579 2571 734 2606 humana
758 2571 832 2606 BB
971 2574 1014 2608 18
1039 2574 1139 2619 quae]
1166 2584 1311 2618 corpora
1335 2573 1454 2609 denuo
1478 2574 1565 2609 add.
1590 2573 1704 2608 ABD

198 2624 274 2659 EF
408 2625 453 2660 20
478 2627 568 2662 aduo
593 2628 628 2664 R
766 2628 808 2663 21
836 2629 903 2675 est]
930 2630 978 2664 sit
1003 2630 1200 2673 Bai-thius,
1236 2632 1301 2675 qui
1322 2631 1385 2666 lin.
1409 2633 1462 2666 20
1488 2635 1570 2675 post
1594 2640 1703 2666 unum

198 2684 314 2716 mente
349 2688 403 2716 est
436 2684 681 2728 supplendum
716 2689 837 2722 censet
1012 2687 1075 2732 sic]
1113 2689 1172 2722 sed
1205 2698 1230 2732 p
1409 2688 1501 2723 idem
1537 2688 1612 2723 Mb

198 2738 242 2772 22
266 2749 491 2774 numerorum
515 2741 626 2777 ABG
762 2743 972 2779 dimessione
996 2745 1033 2779 A
