1884 2998
590 87 648 122 De
673 88 801 122 statu
826 87 1001 122 animae
1030 87 1091 123 111
1115 88 1170 122 11.
1553 88 1633 130 175

124 224 241 261 caua,
273 223 377 265 quae
407 213 617 254 tortuosae
638 211 878 253 botulorum
907 212 1184 266 enodibusque
1203 212 1395 267 ligaturis
1417 213 1634 267 explicitae

126 280 362 322 inflexiones
404 292 452 322 ac
492 279 746 322 reflexiones.
798 292 887 322 0000
927 279 1025 333 quid
1066 292 1191 334 negas
1232 281 1388 324 arbitro
1419 295 1540 335 super
1569 283 1634 324 his

126 360 323 403 responsa
360 347 608 390 redhibere?
648 360 720 389 cur
758 348 889 400 igitur
923 349 1082 402 negas?
1124 349 1219 401 quia
1244 350 1440 392 uidelicet
1470 351 1634 392 animus

126 430 197 471 per
236 429 322 459 sese
365 428 559 471 corporea
594 428 856 469 nequaquam
887 416 1015 460 uidet.
1066 416 1138 458 sed
1168 429 1240 459 cur
1272 418 1412 459 uidere
1444 430 1635 473 corporea

94 498 386 539 suequaquam
432 484 576 538 possit,
625 497 745 538 quem
793 497 874 527 non
912 484 1000 526 sine
1038 485 1132 526 uisu
1172 498 1259 527 esse
1297 487 1380 528 iam
1412 487 1634 530 constitit?

125 567 246 596 nemo
287 554 511 608 quidquam
550 565 788 606 corporeum
826 553 956 605 uidet,
998 554 1069 607 qui
1100 554 1353 608 corporalem
1384 555 1523 596 uisum
1555 567 1635 597 non

125 622 265 664 habet.
315 622 477 664 animus
510 627 663 675 autem,
685 623 759 677 ‘qui
781 624 906 667 habet
926 624 1067 666 uisum
1088 626 1128 666 et
1150 624 1360 678 corporale
1382 624 1488 666 nihil
1509 625 1635 677 uidet,

126 690 444 745 incorporaliter
475 691 601 742 uidet,
637 695 677 734 et
709 692 1024 745 incorporaliter
1055 692 1195 734 uidere
1227 705 1346 746 posse
1367 693 1636 746 incorporalis

128 759 192 802 est
230 758 359 810 uisus,
400 760 441 801 et
479 760 764 814 incorporeum
804 760 943 803 uisum
974 761 1053 803 nisi
1086 760 1352 814 incorporeus
1384 773 1466 803 non
1498 761 1636 815 habet,

82 846 115 872 ιο
129 828 170 869 01
199 826 513 882 incorporaliter
543 829 748 871 humanus
781 830 946 871 animus
977 828 1113 871 uidet:
1136 829 1401 883 incorporeus
1425 830 1553 883 igitur
1575 830 1639 871 est

128 895 334 937 humanus
365 895 541 938 animus.
595 909 677 939 non
708 910 803 952 ergo
834 897 949 939 hisce
986 897 1149 939 friuolis
1182 897 1421 940 solliciteris
1444 898 1636 953 amplius,

127 965 175 1005 ut
205 976 320 1006 reare
351 965 539 1007 animum
568 977 651 1007 non
685 979 771 1008 esse
801 966 891 1008 illic
929 965 1004 1008 ubi
1036 967 1204 1020 cogitat,
1238 968 1334 1019 quia
1365 966 1639 1021 contemplari

127 1045 200 1086 per
236 1034 430 1075 naturam
467 1034 611 1087 nequit
656 1034 762 1077 situs
802 1036 1001 1087 locorum,
1043 1034 1187 1077 uultus
1224 1035 1453 1086 hominum,
1499 1036 1638 1077 motus

129 1102 323 1154 actusque
355 1103 614 1155 populorum,
654 1104 756 1145 haec
785 1116 963 1158 namque
994 1115 1189 1157 corporea
1211 1105 1320 1145 sunt.
1358 1115 1476 1157 porro
1498 1105 1638 1144 autem

82 1191 116 1217 25
129 1170 291 1211 animus
322 1170 586 1225 incorporeus
619 1173 727 1226 quod
758 1175 901 1214 contra
941 1172 1132 1214 naturam
1163 1172 1229 1213 sui
1276 1173 1337 1213 est
1383 1172 1525 1213 uidere
1558 1182 1639 1212 non

129 1238 279 1291 potest,
332 1240 502 1280 eatenus
534 1242 675 1282 tamen
708 1240 824 1282 adest
855 1239 929 1282 ubi
960 1240 1127 1294 cogitat,
1159 1240 1209 1281 ut
1238 1239 1329 1282 loca
1359 1252 1462 1293 quae
1485 1239 1640 1294 cogitat

130 1306 331 1360 corporali
362 1307 518 1349 uisione
548 1321 629 1350 non
661 1310 814 1358 cernat,
860 1309 970 1351 sicut
1000 1309 1119 1351 adest
1149 1308 1221 1351 ubi
1252 1308 1451 1357 uiuificat‚
1482 1311 1530 1350 ut
1551 1309 1639 1362 ipsa

130 1387 233 1428 quae
275 1374 464 1417 uiuificat
502 1378 565 1418 sui
604 1378 783 1431 corporis
823 1377 987 1419 interna
1019 1389 1100 1419 non
1132 1377 1287 1419 uideat.
1342 1389 1389 1419 ac
1419 1377 1456 1419 si
1486 1388 1637 1430 usque-

131 1455 291 1496 quaque
327 1444 444 1497 patet
482 1444 669 1486 animum
701 1448 741 1486 et
773 1457 965 1498 corporea
996 1457 1077 1487 non
1108 1457 1228 1498 posse
1257 1445 1398 1487 uidere
1429 1445 1517 1487 sine
1550 1456 1639 1486 cor-

83 1533 118 1559 20
131 1523 228 1564 pore
260 1513 300 1553 et
332 1512 575 1565 incorporea
606 1526 701 1555 cum
733 1525 898 1566 corpore
929 1513 1069 1555 uidere
1100 1526 1180 1556 non
1212 1525 1343 1567 posse,
1379 1525 1461 1555 non
1483 1512 1640 1555 diutius

130 1579 410 1622 Alexandriae
432 1581 757 1636 peregrinemur,
781 1581 852 1623 sed
874 1582 925 1623 ab
944 1583 1134 1636 Aegypto
1157 1582 1375 1623 redeuntes
1397 1580 1640 1623 transmisso

132 1661 315 1690 errorum
347 1649 455 1691 mari
487 1650 528 1691 et
567 1663 734 1692 emensa
774 1650 1031 1704 ignorantiae
1072 1662 1207 1692 eremo
1239 1650 1430 1693 ueritatis
1461 1650 1640 1704 patriam

132 1718 255 1770 atque
297 1719 359 1759 uti
407 1721 561 1760 terram
607 1719 938 1773 repromissionis
986 1719 1188 1760 intremus
1227 1732 1309 1761 non
1349 1720 1471 1761 otiosi
1508 1731 1641 1772 neque

133 1785 299 1838 inertes,
333 1798 465 1840 neque
496 1799 592 1828 uero
624 1786 896 1840 trepidantes,
928 1789 975 1829 ut
1007 1788 1041 1829 si
1072 1787 1169 1841 quid
1198 1787 1408 1841 falsiloqui
1438 1787 1641 1829 uanitatis

203 1979 222 2011 1
248 1979 412 2013 tortuosa
436 1979 704 2023 ABOHMSb,
742 1980 902 2014 tortuoso
927 1979 978 2021 L,
1014 1979 1193 2015 tortulosa
1218 1979 1255 2015 R
1377 1978 1580 2013 botulorum
1609 1978 1644 2014 G

132 2046 331 2090 BartMus,
368 2048 416 2090 cf.
442 2048 636 2092 Hauptius
665 2049 708 2084 in
738 2048 899 2084 Hermae
929 2049 1001 2084 ποῖ.
1033 2048 1134 2083 ΙΙΙΙ
1153 2050 1217 2091 36,
1267 2048 1469 2083 batulorum
1500 2048 1577 2082 rell.
1611 2050 1644 2082 et

133 2116 289 2152 editores
417 2117 590 2162 enodib3q3
616 2118 804 2162 eligaturis
829 2118 878 2152 M
1013 2118 1254 2162 enodibusque
1279 2118 1317 2161 b,
1358 2116 1531 2152 enodibus
1557 2127 1644 2161 quae

131 2185 212 2220 rell.
239 2189 274 2221 et
299 2185 378 2220 8οἤ.
517 2186 539 2220 2
565 2186 777 2222 reflectionis
801 2187 839 2223 R
971 2186 1109 2222 arbitro
1134 2186 1282 2231 scripsi,
1323 2186 1477 2222 arbitror
1501 2186 1587 2221 libri
1611 2189 1645 2221 et

134 2254 302 2297 editores,
327 2253 476 2288 arbitrio
493 2254 676 2290 Barthius
791 2255 813 2289 3
829 2254 987 2290 redibere
1004 2255 1089 2290 libri
1099 2258 1249 2299 praeter
1265 2255 1340 2290 AG
1453 2254 1476 2288 4
1494 2264 1644 2298 nequam

141 2321 231 2358 ΟΜ1
356 2322 375 2356 7
402 2332 581 2366 corporarc
606 2322 643 2358 R
758 2322 853 2357 uidit
876 2323 913 2359 R
1037 2324 1078 2357 11
1105 2323 1246 2357 fribolis
1270 2323 1332 2365 M,
1373 2322 1516 2357 fribulis
1541 2322 1646 2357 ΑΒΘ

135 2384 245 2427 ER,
281 2384 426 2419 friuulis
451 2384 532 2419 LS¹
657 2385 888 2420 solliciterhis
912 2386 965 2427 A,
1003 2385 1194 2420 sollicitere
1224 2385 1256 2420 G
1381 2385 1423 2419 14
1447 2383 1645 2428 corporalia

136 2443 335 2488 ABDEF,
371 2457 516 2491 corpora
541 2447 577 2483 R
697 2449 740 2483 16
757 2448 810 2493 ut]
829 2448 889 2482 uel
906 2449 942 2482 A
1061 2448 1104 2483 18
1128 2447 1179 2482 sic
1204 2448 1223 2482 b
1341 2447 1384 2482 19
1401 2447 1500 2491 petet
1518 2447 1554 2481 A

136 2503 252 2549 posse]
285 2514 309 2550 p
342 2514 378 2538 se
410 2504 484 2539 Mb
624 2504 742 2539 uidere
766 2515 837 2539 11011
861 2515 962 2549 posse
986 2515 1067 2539 eum
1092 2513 1233 2549 corpore
1263 2503 1294 2538 S
1429 2503 1471 2538 21
1505 2503 1551 2538 ad
1576 2504 1646 2537 ale-

136 2561 302 2595 xandriae
327 2561 379 2604 B,
422 2561 466 2595 ad
491 2561 732 2596 alexandriam
763 2561 880 2596 DEF
895 2561 974 2597 Sch.
1114 2560 1379 2605 peregrinemus
1410 2559 1557 2595 HLRS

135 2617 180 2652 22
211 2622 305 2652 eriiso
336 2618 397 2660 M,
438 2628 577 2653 emenso
610 2619 629 2654 b
770 2619 814 2653 23
844 2620 951 2662 atque
980 2619 1048 2663 uti]
1082 2618 1222 2662 tutique
1254 2617 1348 2655 corii.
1374 2617 1554 2653 Barthius

914 2674 921 2692 1

136 2697 183 2732 24
206 2697 401 2741 falsiloquii
425 2697 741 2741 AGDEFGHL,
782 2698 926 2742 falsiloq
959 2697 1002 2740 S,
1043 2697 1254 2741 falsiloquae
1280 2696 1360 2732 Sch.
