1884 2998
266 129 345 170 126
781 128 1023 164 Claudiani
1047 129 1258 164 Mamerti

262 254 534 308 possimus.
605 266 716 296 nam
775 253 1170 307 cupiditatibus
1222 258 1274 297 et
1327 255 1669 308 cupidinibus
1720 259 1768 299 et

262 323 550 365 timoribus
601 321 1099 375 innumerabilibus,
1151 324 1419 366 uariarum
1464 337 1639 367 rerum
1684 326 1768 367 ad-

261 391 682 445 petitionumque
724 391 1022 433 uisionibus
1065 395 1114 433 et
1159 392 1389 434 infinita
1430 393 1650 446 quadam
1689 393 1769 434 de-

261 459 462 501 mentia
511 472 702 513 corpus
752 460 1017 510 oneratur,
1064 462 1121 501 ut
1165 472 1292 514 prae
1337 461 1440 502 illo
1486 474 1544 502 ne
1588 473 1769 514 sapere

262 526 470 580 quidem
510 528 621 569 ulla
661 528 712 568 in
753 540 803 569 re
840 527 1115 581 possimus.
1168 531 1220 570 et
1251 529 1294 570 si
1326 529 1527 581 quando
1558 530 1766 582 tempus
1798 544 1815 569 5

260 595 478 649 aliquod
501 596 559 638 ad
580 596 1057 650 philosophandum
1078 609 1300 639 uacuum
1322 597 1407 638 uel
1428 597 1768 639 habuerimus

261 665 346 707 uel
377 666 692 716 fecerimus,
724 666 847 706 tunc
879 665 1302 719 quoqueinipsis
1336 665 1767 720 cogitationibus

261 734 465 775 nostris
498 734 1250 787 corpusintercurritturbam
1275 734 1769 776 erroruminferens

261 803 447 852 menti,
508 804 562 844 ut
611 802 925 844 obcaecante
984 802 1088 844 illo
1145 803 1432 844 ueritatem
1492 802 1769 855 peruidere

261 882 359 911 non
390 871 666 923 possimus.
718 870 899 923 itaque
930 883 1083 912 unum
1113 870 1276 912 hocin
1299 871 1436 912 omni
1460 871 1813 924 quaestionem

261 939 421 981 nobis
482 941 531 981 et
586 940 637 981 id
691 940 897 992 quidem
945 940 1353 981 euidentissime
1398 939 1677 994 probatur,
1724 940 1769 981 si

262 1008 385 1062 quid
416 1020 654 1061 umquam
678 1007 806 1050 bona
836 1007 941 1049 fide
972 1008 1105 1049 scire
1136 1008 1396 1062 uolumus,
1429 1008 1769 1050 recedendum

262 1089 375 1119 esse
406 1090 430 1118 a
462 1088 677 1130 corpore
708 1077 758 1118 et
799 1076 850 1118 in
881 1078 992 1131 ipso
1025 1077 1197 1118 animo
1228 1089 1309 1118 res
1342 1077 1767 1119 considerandas.

260 1147 384 1187 tunc
443 1145 578 1186 enim
637 1144 876 1186 uidemur
936 1145 1280 1187 consecuturi
1331 1145 1466 1198 quod
1526 1144 1768 1198 concupi-

261 1214 458 1256 scimus
490 1216 546 1256 et
577 1215 733 1256 cuius
765 1215 839 1255 rei
869 1215 1130 1256 amatores
1160 1225 1252 1255 nos
1282 1213 1624 1266 profitemur,
1656 1224 1814 1254 cum15

262 1282 500 1325 defuncti
531 1285 746 1334 erimus,
779 1295 892 1324 nam
932 1284 1047 1324 dum
1089 1282 1345 1333 uiuimus,
1383 1281 1769 1335 desperandum

261 1356 350 1393 est.
402 1352 592 1393 etenim
623 1352 667 1394 si
699 1353 908 1394 constat
937 1351 1300 1393 nihilsinceri
1323 1351 1543 1393 mixtum
1564 1351 1769 1405 corpori

260 1421 485 1462 animum
516 1421 790 1474 peruidere
821 1432 989 1474 posse,
1023 1421 1268 1473 sequitur
1299 1420 1645 1470 alterutrum,
1679 1420 1768 1461 aut

262 1488 409 1530 nullo
449 1489 678 1541 tempore
718 1501 813 1530 nec
853 1500 1066 1542 usquam
1106 1489 1420 1541 contingere
1456 1488 1658 1529 homini
1688 1500 1768 1530 ue-

260 1569 364 1598 ram
404 1557 689 1599 scientiam
728 1570 876 1611 posse
918 1560 1009 1599 aut
1049 1560 1174 1599 tunc
1206 1557 1424 1605 demum,
1457 1569 1568 1598 cum
1599 1569 1814 1599 exceS-20

261 1626 481 1667 serimus
530 1638 551 1667 e
595 1626 721 1668 uita.
778 1626 1147 1668 defunctorum
1194 1626 1331 1667 enim
1381 1625 1582 1667 animus
1633 1626 1768 1668 liber

262 1695 342 1735 est
389 1694 440 1735 et
484 1694 691 1736 solutus
722 1707 746 1736 a
780 1703 1012 1747 corpore.
1063 1707 1117 1736 eo
1163 1695 1336 1736 autem
1382 1694 1625 1748 tempore
1671 1707 1767 1748 quo

261 1762 492 1804 uiuimus
532 1764 608 1805 ita
649 1763 849 1805 demum
890 1762 1439 1816 adpropinquabimus
1479 1761 1769 1816 adplicabi-

260 1844 477 1885 murque
508 1833 792 1881 scientiae,
825 1831 869 1873 si
899 1831 1153 1873 nihilaut
1184 1844 1330 1885 quam
1362 1831 1635 1873 minimum
1666 1842 1768 1872 cor-

259 1912 380 1953 pore
411 1904 616 1942 utamur
647 1913 812 1953 neque
843 1899 894 1941 in
924 1900 1182 1941 societate
1214 1900 1341 1951 eius,
1374 1899 1479 1940 nisi
1509 1900 1813 1953 quatenus2⁵

260 1981 471 2011 necesse
502 1971 602 2019 est,
636 1969 865 2011 animum
896 1968 1242 2010 dimittamus.
1286 1969 1363 2010 ita
1393 1968 1527 2010 enim
1559 1968 1768 2009 minime

259 2037 586 2092 replebimur
616 2037 816 2079 uitiosa
846 2036 1263 2090 turbulentaque
1294 2039 1483 2079 natura
1514 2035 1767 2089 corporis,

261 2106 348 2147 sed
406 2107 525 2159 puri
569 2119 592 2148 a
639 2105 961 2161 contagione
1010 2106 1146 2156 eius,
1197 2105 1249 2147 in
1300 2108 1544 2159 quantum
1594 2106 1768 2147 facere

261 2186 560 2228 possumuS‚
592 2176 784 2217 erimus
831 2178 899 2226 et,
940 2175 982 2216 si
1017 2175 1099 2216 ita
1129 2173 1434 2225 fecerimus,
1465 2172 1766 2226 incorrupti

329 2333 349 2367 1
381 2343 566 2377 possumus
597 2333 646 2367 M
780 2333 852 2367 iam
883 2332 1124 2376 HLMRSp²
1261 2333 1296 2366 et
1320 2331 1549 2376 cupidinibus
1583 2341 1649 2365 om.
1678 2330 1766 2366 Gal-

260 2400 362 2436 land.
503 2378 744 2445 cupidinimus
770 2400 802 2436 S
934 2401 958 2435 4
987 2403 1150 2435 oneretur
1181 2401 1218 2444 Ο,
1258 2400 1456 2435 honoratur
1479 2400 1517 2436 R
1654 2399 1676 2433 5
1700 2397 1766 2432 illa

259 2458 350 2493 AG¹
494 2458 515 2493 6
550 2469 571 2492 a
606 2458 680 2493 BR
831 2458 875 2493 10
910 2458 1087 2502 possimus
1123 2458 1218 2501 Mb,
1266 2457 1378 2502 possit
1413 2458 1489 2492 rell.
1527 2460 1561 2492 et
1597 2456 1675 2491 Sch.

262 2516 304 2550 12
331 2516 420 2549 bona
445 2526 511 2550 om.
540 2515 574 2551 G
697 2515 739 2550 17
767 2515 798 2549 si
823 2525 888 2551 om.
914 2515 987 2549 Mb
1103 2515 1208 2549 siceri
1231 2515 1268 2549 Β
1385 2513 1613 2548 commixtum
1637 2512 1677 2546 D

261 2574 305 2607 19
329 2583 411 2617 usq·
435 2574 471 2607 A
591 2573 637 2608 21
662 2573 691 2618 e]
719 2573 750 2608 St
774 2572 811 2608 R
927 2572 1022 2606 enim
1047 2583 1112 2607 om.
1138 2572 1174 2606 Β
1300 2571 1345 2605 22
1369 2571 1466 2605 solus
1486 2581 1516 2615 p
1644 2570 1690 2603 23
1713 2568 1767 2603 ait

259 2628 539 2674 gppinquabimus
563 2629 595 2665 S
717 2629 764 2664 24
786 2629 879 2664 nihil
904 2631 967 2663 aut
992 2640 1059 2665 om.
1086 2629 1122 2664 Β
1238 2628 1311 2673 aut]
1338 2627 1435 2661 aliud
1459 2627 1507 2661 M
1642 2627 1686 2660 25
1710 2635 1768 2659 so·-

260 2687 389 2722 cietate
413 2686 503 2729 Mb,
546 2687 751 2722 societatem
776 2687 853 2721 rell.
879 2690 912 2721 et
940 2685 1037 2729 Sela,
1066 2685 1111 2728 cf.
1125 2696 1210 2731 pay.
1228 2687 1307 2726 114,
1325 2686 1370 2719 16
1387 2688 1420 2719 et
1437 2686 1489 2718 22
1618 2683 1663 2717 29
1687 2693 1768 2727 pus-

261 2755 381 2779 sumus
407 2744 444 2779 R
