1884 2998
657 102 716 137 De
739 103 866 137 statu
891 102 1065 137 animae
1096 102 1135 138 II
1158 103 1192 138 3.
1595 104 1677 148 105

178 228 244 270 his
274 228 418 282 igitur,
443 238 543 281 quos
566 229 711 269 contra
730 226 952 269 ueritatem
973 229 1107 279 uocat,
1128 239 1271 269 uocem
1292 229 1483 271 ueritatis
1505 229 1679 283 accipiat

179 298 222 339 et
251 296 443 348 geminae
473 295 656 349 primum
687 294 882 337 Graeciae
913 294 1135 338 classicum
1165 296 1391 338 multisona
1419 297 1677 352 Pythagore-

179 377 296 406 orum
336 363 440 405 tuba
479 365 520 406 et
558 363 715 406 lituum
754 363 945 405 Platonis
992 363 1184 406 exaudiat
1227 377 1302 406 nec
1343 351 1552 407 ¹tumescat
1590 365 1679 408 sola

178 433 365 474 uanitate
384 433 613 483 nominum,
635 433 704 474 sed
726 432 971 486 pinguescat
992 431 1241 474 multimoda
1260 432 1437 475 ueritate
1457 433 1689 475 rationum.⁴

149 515 165 541 5
179 501 441 555 Pythagorae
480 500 620 555 igitur,
668 500 764 553 quia
802 500 910 542 nihil
953 501 1039 554 ipse
1084 500 1401 554 scriptitauerit,
1440 513 1464 542 a
1503 503 1678 554 posteris

180 571 414 622 quaerenda
452 569 661 611 sententia
700 570 774 611 est.
827 568 872 610 in
911 568 1060 622 quibus
1099 570 1167 610 uel
1201 568 1463 622 potissimum
1493 568 1678 612 floruisse

177 637 417 679 Philolaum
462 637 621 691 reperio
666 637 954 686 Tarentinum,
1001 637 1072 691 qui
1117 638 1263 678 multis
1310 636 1591 679 uoluminibus
1629 638 1678 679 de

178 705 469 760 intellegendis
499 707 621 748 rebus
653 708 694 747 et
727 705 825 759 quid
855 716 1037 759 quaeque
1069 705 1301 758 significent
1331 705 1477 759 oppido
1513 706 1680 747 obscure

179 775 417 825 dissertans,
454 773 698 828 priusquam
729 774 778 815 de
808 775 967 816 animae
999 773 1234 816 substantia
1265 774 1475 825 decernat,
1498 776 1547 816 de
1568 786 1682 816 men-

134 859 167 886 10
180 842 287 883 suris
339 842 584 895 ponderibus
640 844 680 884 et
739 843 923 884 numeris
972 843 1088 883 iuxta
1135 843 1431 896 geometricam
1480 843 1682 884 musicam

181 914 304 965 atque
350 910 658 952 arithmeticam
696 910 868 952 mirifice
906 911 1090 963 disputat
1128 923 1202 964 per
1230 910 1332 952 haec
1360 922 1480 952 omne
1510 911 1679 952 uniuer-

181 993 274 1022 sum
304 980 509 1022 exstitisse
541 979 804 1031 confirmans,
837 979 900 1021 illi
930 979 1122 1021 uidelicet
1153 979 1383 1033 scripturae
1411 979 1678 1030 consentiens,

182 1061 263 1102 qua
293 1049 367 1090 deo
399 1047 572 1090 dicitur:
615 1061 863 1091 mensura
913 1049 1134 1102 pondere
1174 1050 1223 1090 et
1272 1060 1480 1090 numero
1512 1048 1683 1090 omnia

183 1118 523 1171 disposuisti,
575 1130 701 1172 quam
739 1117 906 1171 quidem
938 1131 984 1159 ex
1025 1117 1167 1160 diuina
1211 1117 1387 1159 lectione
1432 1116 1681 1158 sententiam

135 1186 301 1229 15110biS
343 1186 393 1228 ab
438 1187 672 1228 aduersario
712 1186 840 1229 miror
881 1186 1098 1229 obiectam.
1151 1186 1254 1228 dicit
1289 1186 1400 1227 enim
1431 1185 1567 1226 uerbis
1598 1185 1682 1226 his:

183 1256 328 1306 deus,
371 1255 458 1308 qui
489 1267 543 1296 ex
582 1255 749 1297 nihilo
790 1255 922 1297 fecit
961 1254 1153 1303 omnia,
1195 1266 1322 1308 quae
1352 1254 1493 1295 sicut
1531 1264 1683 1305 opere

182 1323 452 1374 instituit,
497 1324 572 1366 ita
617 1325 845 1366 materia
889 1324 1277 1377 incorporauit,
1326 1322 1479 1364 rebus
1525 1320 1682 1362 omni-

182 1394 295 1443 buS,
326 1393 469 1434 inter
500 1404 623 1445 quas
655 1394 705 1434 et
737 1392 906 1434 anima
938 1394 1202 1440 censetur,
1229 1392 1367 1433 sicut
1398 1388 1684 1433 distribuit

182 1460 381 1515 pondus
423 1473 689 1502 numerum
721 1462 877 1514 atque
909 1472 1224 1512 mensuram,
1265 1460 1340 1502 ita
1373 1458 1473 1515 <et>
1507 1456 1684 1512 posuit

134 1530 551 1583 2oquantitatem.

241 1597 550 1647 Animaduerte,
573 1599 703 1640 nostri
724 1598 828 1639 bone
851 1598 1049 1651 cognitor,
1071 1596 1303 1650 praesentis
1323 1595 1481 1638 saeculi
1501 1595 1682 1649 peritum

184 1667 486 1719 facundumque
528 1666 755 1708 doctorem:
804 1667 911 1708 nihil
950 1667 1231 1720 incorporeum
1272 1665 1367 1706 uult
1412 1666 1598 1706 creatum
1644 1665 1686 1704 et

184 1735 487 1789 incorporatum
520 1735 623 1777 dicit
655 1747 776 1776 omne
809 1746 1063 1788 corporeum.
1115 1734 1181 1776 cui
1206 1733 1501 1787 incorporatur,
1525 1743 1685 1786 quaeso,

185 1805 293 1858 quod
325 1816 472 1858 corpus
505 1805 596 1845 est?
628 1804 664 1845 si
694 1804 738 1845 in
769 1816 841 1857 pro
871 1816 951 1845 non
973 1803 1078 1845 forte
1098 1802 1290 1857 posuisti,
1312 1804 1359 1843 ut
1380 1800 1686 1853 incorporatum

325 1928 368 1962 13
394 1930 471 1973 sap.
500 1928 553 1971 11,
578 1927 622 1962 21
761 1927 805 1961 ie
830 1927 874 1962 cf.
900 1937 980 1972 pag.
1006 1927 1061 1971 16,
1089 1927 1132 1961 18

259 2042 276 2075 1
310 2041 403 2085 quod
429 2041 477 2085 2⁹²
613 2041 635 2075 2
659 2039 891 2075 multisonam
910 2050 939 2084 p
958 2039 1039 2075 Sch·
1177 2038 1199 2073 3
1224 2039 1348 2073 tubam
1373 2037 1422 2072 M
1444 2036 1598 2071 editores

187 2098 279 2133 lituo
320 2098 369 2139 G,
411 2098 525 2132 lituus
561 2097 602 2132 F
737 2097 945 2132 exaudiatur
981 2096 1190 2131 AB²DEF
1330 2095 1353 2129 4
1388 2094 1527 2128 unitate
1564 2093 1598 2127 L

187 2160 390 2223 pinguescit
422 2179 453 2214 S
585 2179 606 2213 5
638 2178 905 2223 scriptitauerat
929 2177 1080 2212 ABEF
1095 2177 1173 2212 Sch.
1198 2177 1241 2211 in
1266 2176 1382 2219 notis,
1421 2155 1689 2219 scriptitaueret

188 2236 245 2278 H,
293 2236 556 2280 scriptitauer&
591 2235 641 2278 R,
690 2235 919 2280 scriptauerit
956 2234 1035 2270 Seli.
1072 2234 1115 2268 in
1150 2236 1252 2269 textu
1473 2232 1492 2265 7
1530 2230 1688 2275 repperio

189 2293 257 2329 RS
415 2294 435 2328 9
472 2293 648 2328 disserans
685 2292 775 2335 138²,
820 2292 992 2327 disserens
1028 2291 1071 2327 8²
1232 2290 1276 2324 10
1313 2288 1527 2334 geometrica
1561 2288 1599 2323 R

189 2374 346 2409 musicen
362 2372 615 2410 AGGHLRS
738 2374 779 2408 11
797 2373 916 2407 omnia
932 2373 1003 2408 Mb
1127 2373 1170 2408 13
1188 2353 1256 2417 (μδ
1275 2372 1311 2414 s,
1349 2381 1453 2416 quam
1469 2367 1600 2404 BH‘R

192 2431 235 2466 14
271 2431 392 2465 diuine
426 2431 463 2467 R
635 2431 679 2465 16
715 2430 788 2475 qui]
825 2430 966 2474 quidem
1002 2429 1081 2465 Seli.
1253 2439 1340 2473 quae
1377 2427 1463 2462 libri
1497 2436 1577 2461 cum
1612 2425 1688 2466 PT,

192 2488 253 2532 qui
289 2489 443 2524 editores
580 2489 624 2524 17
660 2488 846 2522 materiam
882 2488 956 2523 Mb
1094 2489 1130 2521 et
1158 2490 1243 2532 post
1274 2485 1515 2529 incorporauit
1539 2482 1690 2518 additur

190 2547 251 2581 illo
281 2546 419 2582 Fausti
447 2547 522 2581 loco
659 2546 703 2579 19
734 2547 770 2579 et
794 2545 925 2580 addidi
949 2554 992 2579 ecc
1014 2544 1172 2587 Fausto,
1209 2554 1273 2578 om.
1305 2543 1392 2577 libri
1527 2542 1569 2576 21
1604 2540 1691 2575 bene

194 2603 229 2639 G
355 2603 399 2638 22
422 2604 475 2638 nil
499 2604 536 2639 R
665 2603 710 2638 23
735 2602 1149 2646 dicit—incorporatum
1174 2611 1239 2635 om.
1263 2598 1417 2634 ABDF
1539 2598 1584 2633 24
1607 2597 1688 2641 non]

192 2661 359 2696 aduerbio
384 2661 468 2695 add.
499 2661 547 2695 M
553 2662 594 2704 b;
630 2660 732 2695 haud
754 2659 827 2694 scio
850 2670 901 2693 an
925 2657 1091 2693 aduerbio
1116 2656 1309 2692 tenendum
1333 2656 1382 2691 sit
1405 2656 1483 2691 coll.
1502 2665 1586 2700 paq.
1610 2655 1689 2695 106,

193 2721 216 2753 6
240 2722 272 2754 et
295 2729 366 2753 non
391 2717 582 2753 delendum
719 2719 759 2751 ut
783 2727 849 2751 om.
869 2717 914 2760 2²²
