1884 2998
650 115 708 149 De
734 115 857 149 statu
883 115 1055 149 animae
1085 114 1123 150 II
1148 115 1180 149 9.
1584 118 1661 160 131

837 271 991 326 VIIII.

164 397 336 430 ABHINC
385 397 743 430 ECCLESIASTICIS
793 397 1077 429 DOCTORIBVS
1127 398 1295 429 VTITVR
1343 399 1554 431 TESTIBVS
1604 402 1665 431 DE

587 465 763 496 ANIMAE
799 465 1241 497 INCORPORALITATE.

221 558 360 600 Facile
389 558 570 612 profecto
600 557 679 600 hoc
709 558 820 599 idem
851 558 965 600 factu
995 557 1099 600 mihi
1132 560 1249 606 esset,
1282 558 1364 599 nisi
1395 559 1500 601 adici
1522 572 1664 612 quem-

136 628 277 681 5piam
316 629 457 670 coacta
494 627 666 669 testium
706 626 830 668 turba
868 639 950 669 non
995 627 1145 668 sineret
1186 629 1227 668 et
1265 626 1406 668 diuina
1443 626 1528 668 iam
1558 640 1666 670 nunc

164 696 330 738 oracula
378 695 557 750 pandere
605 694 672 736 uel
728 696 891 748 tempus
949 694 1054 737 foret
1104 695 1172 736 uel
1221 695 1326 736 ratio
1377 699 1663 738 commoneret.

163 765 284 818 atque
330 766 376 806 ut
422 763 472 806 ad
516 763 626 816 ipsos
671 764 911 805 caelestium
950 763 1209 805 uoluminum
1258 762 1392 805 fontes
1443 762 1528 805 illis
1584 763 1667 806 fere

164 833 345 882 ducibus,
388 832 458 886 qui
491 845 539 874 ex
570 831 722 874 eisdem
753 832 912 886 largius
955 831 1140 878 hausere,
1172 831 1403 882 ueniamus,
1441 830 1665 886 Gregorius

163 901 447 943 Nazianzenus
485 900 530 942 in
569 900 824 954 apologetico
864 912 1066 954 magnum
1104 899 1300 942 uidelicet
1337 900 1446 942 inter
1482 900 1664 943 animam

118 990 151 1015 ιο
164 973 205 1012 et
236 982 382 1024 corpus
414 971 571 1012 clamat
602 982 689 1011 esse
715 969 940 1011 discrimen
970 970 1093 1022 atque
1123 972 1171 1011 ut
1199 981 1344 1022 corpus
1381 968 1663 1022 corporalibus

162 1039 291 1092 pasci,
323 1038 383 1080 sic
412 1038 594 1080 animam
624 1038 876 1091 incorporeis
910 1038 1108 1093 saginari.
1159 1038 1306 1080 beatus
1336 1037 1581 1079 Ambrosius
1613 1038 1666 1080 ad

163 1108 515 1151 Mediolanensem
545 1108 586 1149 in
623 1107 798 1149 ecclesia
841 1107 1040 1161 populum
1085 1106 1210 1148 uerbo
1257 1105 1497 1148 doctissimo
1543 1108 1666 1159 atque

164 1176 463 1219 eruditissimo:
486 1177 887 1229 sequestremus
919 1187 1029 1225 nos,
1055 1175 1205 1228 inquit,
1230 1187 1254 1217 a
1285 1185 1520 1228 corpore,
1555 1186 1667 1216 con-

163 1246 247 1287 tra
286 1246 423 1299 quod
463 1245 632 1296 nobis,
669 1245 713 1286 si
743 1244 883 1286 salui
915 1256 1032 1286 esse
1064 1243 1328 1297 uolumuS‚
1353 1244 1472 1297 iuge
1503 1246 1666 1284 certa-

118 1326 275 1357 15men
315 1315 406 1355 est.
458 1325 540 1355 una
576 1312 919 1366 praecellentium
958 1313 1183 1366 eademque
1224 1312 1430 1354 sententia
1468 1324 1550 1353 non
1586 1310 1667 1353 nisi

164 1382 308 1424 eodem
338 1382 557 1424 intellectu
587 1381 958 1424 animaduertenda
990 1381 1052 1423 est
1083 1381 1307 1435 eodemque
1338 1379 1557 1422 tractanda
1581 1391 1667 1421 ser-

163 1458 296 1493 mone.
350 1450 485 1493 dicam
515 1463 624 1492 nunc
652 1451 783 1505 igitur
814 1449 921 1504 quod
951 1462 1072 1504 saepe
1103 1463 1181 1502 me,
1215 1462 1310 1492 cum
1339 1449 1391 1491 ad
1421 1449 1465 1491 id
1485 1449 1669 1491 locorum

163 1522 336 1562 uentum
375 1522 452 1571 est,
493 1519 629 1561 dicere
668 1518 851 1562 memini.
902 1519 1230 1572 sequestrari
1271 1530 1361 1560 nos
1396 1530 1420 1560 a
1452 1528 1668 1571 corpore

163 1588 408 1631 Ambrosius
453 1589 639 1642 oportere
677 1587 911 1642 persuadet.
963 1586 1055 1642 quis
1092 1599 1187 1642 ergo
1218 1588 1296 1629 iste
1326 1586 1395 1637 sit,
1428 1586 1494 1628 cui
1525 1597 1549 1627 a
1578 1597 1667 1628 cor-

118 1674 151 1699 20
164 1669 261 1712 pore
299 1658 547 1711 sequestrari
587 1658 802 1699 conueniat
841 1669 1007 1711 quaero.
1059 1671 1106 1699 ex
1138 1656 1278 1699 anima
1308 1657 1420 1698 enim
1450 1667 1594 1697 sumus
1627 1655 1668 1696 et

165 1737 344 1780 corpore,
394 1738 443 1768 ac
481 1738 554 1780 per
590 1726 667 1768 hoc
704 1739 798 1769 cum
836 1725 1089 1779 sequestrari
1130 1738 1154 1768 a
1191 1725 1323 1768 semet
1360 1725 1449 1778 ipso
1487 1723 1667 1778 nequeat

164 1796 339 1847 animus,
371 1795 479 1837 nihil
509 1796 554 1837 in
585 1794 705 1837 nobis
742 1797 819 1844 est,
850 1795 959 1849 quod
991 1794 1240 1848 sequestrari
1270 1793 1400 1847 possit
1431 1805 1455 1834 a
1486 1802 1667 1846 corpore,

163 1866 197 1906 si
229 1876 375 1918 corpus
407 1866 470 1906 est
500 1865 675 1906 animus.
722 1876 807 1915 cur,
841 1866 981 1906 sancte
1010 1863 1220 1914 Ambrosi‚
1262 1875 1333 1904 cur
1362 1862 1506 1904 taliter
1535 1860 1667 1910 doceS‚

164 1945 237 1975 cur
281 1945 473 1988 sponsam
517 1932 673 1975 Christi
711 1944 835 1975 caeno
874 1932 1072 1974 falsitatis
1112 1931 1276 1985 oblinis,
1319 1943 1393 1973 cur
1433 1929 1605 1972 eandem
1642 1939 1666 1969 a

304 2080 346 2114 13
370 2079 580 2134 Ambrosius
604 2080 643 2113 in
667 2089 826 2114 sermone
850 2080 892 2113 ut
917 2078 1060 2113 uidetur
1084 2077 1267 2122 deperdito

232 2218 256 2253 4
286 2218 385 2253 factu
417 2217 588 2259 H²LSb‚
624 2216 761 2251 factum
793 2216 869 2251 rell.
901 2226 981 2251 cum
1005 2216 1077 2251 PT
1099 2219 1132 2250 et
1157 2215 1253 2257 Sela,
1289 2214 1444 2257 fortasse
1475 2217 1585 2255 recte,
1623 2212 1671 2254 cf.

161 2286 249 2322 pay.
266 2278 327 2320 70,
346 2278 388 2311 10
509 2274 692 2320 quaepiam
716 2275 755 2317 b,
790 2274 974 2319 quippiam
1001 2273 1081 2309 Seh.
1097 2274 1139 2308 in
1155 2273 1250 2308 notis
1369 2273 1391 2307 5
1414 2271 1534 2315 turba]
1560 2270 1669 2305 uerba

167 2333 198 2369 S
324 2334 345 2368 6
370 2334 606 2368 commoneret
635 2332 680 2374 Ο,
720 2334 970 2367 commemorat
993 2331 1195 2367 A¹BEFP
1331 2330 1353 2364 8
1377 2329 1519 2372 longius
1544 2328 1580 2363 R

166 2392 188 2426 9
205 2401 445 2426 anazanzenus
462 2390 518 2433 M,
543 2400 737 2425 nazazenus
756 2389 792 2433 S,
816 2399 1036 2424 nazanzenus
1052 2389 1128 2424 rell.
1223 2386 1448 2432 apologenito
1464 2385 1511 2427 R,
1536 2385 1671 2430 apollo-

166 2447 304 2493 gelltico
342 2447 373 2483 S
544 2448 587 2482 11
624 2447 838 2491 incorporeis
875 2447 1044 2491 saginari]
1082 2445 1303 2491 spiritalibus
1341 2441 1503 2487 uegetari
1533 2444 1579 2486 1²²

167 2505 210 2540 12
240 2506 426 2551 populum]
452 2505 647 2550 plurimum
671 2505 692 2540 b
829 2504 871 2539 17
897 2514 978 2539 cum
1001 2514 1069 2539 om.
1094 2503 1183 2538 A¹B
1192 2502 1279 2543 CM,
1321 2511 1399 2535 cum
1423 2510 1504 2535 cum
1528 2502 1670 2534 antece-

165 2561 275 2598 dente
298 2573 354 2598 me
377 2563 568 2609 coniunyit
593 2566 626 2597 et
651 2562 682 2596 si
707 2561 848 2606 quando
872 2560 957 2596 add.
986 2561 1031 2605 G,
1068 2560 1153 2594 dum
1178 2559 1257 2594 Sch.
1362 2557 1517 2592 locatum
1542 2556 1579 2592 R

165 2620 210 2655 18
235 2621 327 2655 esset
351 2620 505 2655 editores
633 2620 675 2654 19
699 2619 883 2664 persuadit
906 2617 1135 2655 BGHLRS¹
1265 2615 1310 2650 20
1334 2616 1555 2659 sequestrare
1584 2612 1669 2647 Gal-

165 2678 267 2713 land.
405 2678 451 2713 24
482 2688 560 2712 eam
585 2678 628 2712 de
657 2688 703 2713 ex
727 2677 886 2713 eamdem
917 2677 970 2719 A,
1011 2675 1132 2711 eadem
1160 2676 1203 2719 20²
1341 2683 1362 2707 a
1392 2682 1457 2707 om.
1482 2669 1674 2706 ABDEF

1486 2796 1533 2830 9*
