1884 2998
244 88 390 118 XLVIII

243 200 380 242 lorum
426 198 704 252 capitulorum
750 198 1153 252 praescriptionibus,
1199 197 1242 239 id
1284 198 1392 252 quod
1434 210 1515 240 non
1556 199 1667 241 cadit
1704 199 1748 241 in

243 268 420 321 reliquos
467 266 610 321 libros,
660 279 754 308 cum
798 267 918 309 index
950 267 991 309 et
1029 267 1215 321 singulae
1254 266 1598 321 praescriptiones
1638 268 1748 310 haud

244 347 335 378 raro
380 336 491 378 inter
535 348 577 377 se
623 336 665 377 et
704 348 728 377 a
768 335 918 378 codicis
963 335 1009 377 M
1054 334 1301 377 lectionibus
1348 334 1501 378 mirum
1547 337 1748 389 quantum

245 405 451 447 differant.
520 403 662 458 itaque
712 405 852 458 paucis
911 404 1036 453 locis,
1089 404 1237 457 quibus
1287 404 1500 447 ABERS
1557 405 1749 459 inprimis

244 473 443 515 lectiones
486 472 544 525 (in
583 472 711 517 DFG
757 472 1099 526 praescriptiones
1142 484 1223 514 non
1269 474 1442 523 exstant,
1489 472 1614 514 CHL
1655 485 1750 515 cum

245 541 389 584 ceteris
413 541 694 595 consentiunt)
720 542 770 584 ob
790 541 894 583 hanc
918 541 1089 583 illamue
1112 553 1277 583 causam
1300 542 1533 592 attulimus,
1567 541 1748 596 exceptis

242 611 498 664 reliquorum
528 612 694 663 praeter
724 610 770 652 M
801 610 1001 651 librorum
1034 610 1231 652 lectiones
1254 610 1380 652 etiam
1409 609 1453 651 in
1482 609 1746 652 adnotatione

244 679 391 721 critica
436 690 602 732 prorsus
648 679 916 733 negleximus,
966 691 1016 720 ne
1061 678 1186 721 nimis
1235 691 1324 720 eam
1372 680 1491 722 rebus
1538 678 1749 722 futtilibus

242 759 500 802 augeremus.
550 759 601 788 ne
640 758 735 789 uero
781 746 1000 801 quisquam
1041 759 1160 801 aegre
1199 747 1243 789 id
1282 747 1391 790 ferat
1428 747 1615 789 nonnihil
1645 748 1749 790 forte

243 816 471 859 redundare
512 828 631 869 posse
673 828 719 857 ex
761 816 850 858 eius
890 815 1003 857 modi
1042 815 1169 858 uariis
1200 816 1449 859 lectionibus
1481 817 1530 858 de
1561 816 1749 859 codicum

243 884 534 927 aestimatione
582 885 819 934 arbitratUS,
867 884 1057 927 codicum
1101 885 1266 938 praeter
1303 885 1349 927 M
1393 884 1446 939 (G
1476 884 1580 927 nihil
1611 884 1747 927 habet.

245 955 349 1007 quod
382 953 503 995 ualde
535 954 733 1006 dolemus)
765 953 962 995 lectiones
989 954 1029 994 et
1059 953 1103 994 in
1125 954 1260 996 indice
1284 954 1390 995 etin
1413 953 1748 1007 praescriptioni-

242 1022 319 1064 bus
365 1022 472 1064 inter
514 1034 555 1063 se
595 1022 765 1064 maioris
805 1022 1006 1064 momenti
1037 1021 1333 1076 discrepantias
1366 1024 1451 1064 fere
1483 1022 1620 1064 nullas
1651 1035 1747 1076 prae

242 1102 284 1131 se
315 1090 421 1132 ferre
453 1102 832 1132 commemoramus.

300 1170 445 1212 Restat
475 1173 521 1212 ut
553 1170 707 1224 paucis,
742 1182 866 1223 quare
898 1170 1080 1212 carmina
1110 1182 1133 1213 a
1154 1170 1367 1212 nonnullis
1400 1170 1627 1212 Claudiano
1657 1171 1749 1212 Ma·

243 1240 374 1281 merto
415 1240 626 1293 assignata
665 1240 709 1281 in
747 1239 855 1280 hanc
896 1238 1118 1280 editionem
1149 1250 1230 1280 non
1261 1239 1502 1292 receperim,
1535 1251 1747 1292 exponam.

245 1321 290 1350 ac
343 1321 446 1362 quae
496 1310 538 1351 in
589 1308 828 1350 collectione
874 1307 1110 1350 Pisaurensi
1156 1307 1381 1350 Claudiano
1420 1307 1625 1350 Mamerto
1675 1307 1749 1350 tri-

244 1377 428 1419 buuntur
477 1378 656 1419 carmina
704 1377 788 1418 iam
835 1376 991 1418 dudum
1031 1377 1067 1418 ei
1107 1375 1340 1419 abiudicata
1385 1376 1482 1418 sunt
1526 1376 1593 1430 (cf.
1637 1389 1668 1417 e.
1708 1389 1747 1430 g.

243 1445 416 1487 histoire
448 1446 573 1488 litter.
604 1445 653 1487 de
684 1445 728 1486 la
758 1444 929 1486 France
960 1444 1021 1486 II
1046 1444 1165 1499 453),
1209 1457 1303 1486 cum
1342 1444 1386 1485 in
1418 1444 1608 1486 omnibus
1640 1444 1750 1486 codi-

244 1514 360 1556 cibus
407 1516 497 1557 aliis
545 1515 812 1565 ascribantur,
861 1514 979 1555 uelut
1026 1526 1197 1555 carmen
1243 1516 1390 1554 contra
1425 1516 1576 1567 poetas
1615 1526 1751 1554 uanos

243 1583 417 1625 Paulino
449 1583 610 1626 Nolano
645 1582 726 1636 (ed.
751 1583 901 1624 Veron.
938 1582 1046 1624 1736
1077 1594 1172 1637 pag.
1203 1582 1322 1634 551),
1354 1594 1524 1623 carmen
1545 1581 1750 1634 paschale

244 1651 421 1694 Damaso
461 1652 622 1707 (Migne
652 1652 758 1693 XIII
790 1652 906 1705 376),
960 1651 1055 1692 lans
1107 1650 1269 1693 Christi
1308 1651 1547 1694 Merobaudi
1590 1651 1750 1705 (Migne

244 1720 339 1762 LXI
370 1721 489 1775 971).
542 1733 646 1762 unus
691 1720 870 1774 hymnus
917 1716 1068 1774 ‘panye
1119 1719 1270 1773 linqua
1318 1719 1497 1773 yloriosi
1537 1719 1747 1772 proelium

245 1788 505 1830 certaniinis³
531 1802 554 1831 a
574 1788 873 1831 recentioribus
905 1788 1132 1831 editoribus
1156 1787 1381 1831 Claudiano
1413 1787 1624 1838 tribuitur,
1656 1801 1748 1830 cum

245 1857 440 1900 Sidonius
472 1859 515 1899 in
547 1858 727 1911 epistula
759 1859 810 1900 ad
838 1857 1113 1901 Claudianum
1135 1858 1389 1899 Mamertum
1419 1857 1566 1912 hymni
1597 1856 1648 1899 ab
1679 1857 1751 1898 illo

246 1926 423 1967 confecti
467 1927 718 1969 mentionem
765 1927 894 1969 faciat
944 1926 1012 1980 (cf.
1054 1927 1149 1969 edit.
1196 1938 1287 1981 pag.
1336 1927 1432 1976 201,
1465 1926 1535 1980 32)
1580 1927 1621 1967 et
1666 1925 1750 1967 Sir-

245 1996 422 2037 mondus
454 1995 505 2037 ad
535 1996 644 2038 hunc
668 1995 827 2038 Sidonii
858 1996 995 2038 locum
1029 2008 1077 2036 ex
1108 1995 1355 2037 scholiastae
1386 1995 1600 2037 cuiusdam
1630 1994 1750 2036 testi—

245 2063 381 2105 monio
427 2064 627 2118 hymnum
675 2064 918 2118 significari,
969 2064 1083 2106 cuius
1123 2063 1291 2105 initium
1333 2064 1388 2106 sit
1418 2076 1562 2117 panye
1600 2062 1752 2116 linqua

243 2131 418 2185 yloriosi
450 2133 661 2185 proelium
693 2133 948 2187 certaminis,
981 2133 1164 2175 adnotet.
1215 2132 1326 2174 idem
1357 2131 1597 2174 Sirmondus
1628 2131 1749 2173 testi-

245 2200 432 2242 monium
475 2200 526 2242 ad
566 2200 917 2254 comprobandam
958 2201 1210 2243 sententiam
1241 2213 1359 2243 suam
1392 2213 1413 2241 e
1443 2199 1652 2243 Gennadio
1685 2199 1750 2255 (do

245 2269 437 2321 scriptor.
469 2268 697 2311 ecclesiast.
732 2282 824 2322 cap.
857 2268 1147 2323 LXXXIII)
1182 2268 1358 2323 profert,
1399 2281 1420 2310 e
1451 2267 1568 2310 cuius
1600 2268 1748 2319 codice,

247 2339 316 2391 qui
357 2337 437 2379 fuit
469 2337 655 2379 coenobii
687 2337 726 2379 S.
757 2338 977 2380 Michaelis
1008 2339 1058 2379 de
1091 2338 1256 2380 Tumba
1286 2336 1394 2390 apud
1424 2336 1614 2379 Britones
1645 2338 1747 2379 Are-

246 2406 433 2454 morico&
463 2406 563 2448 haec
585 2407 721 2460 uerba,
746 2418 848 2460 quae
870 2406 913 2448 in
935 2407 1121 2460 uulgatis
1144 2404 1447 2458 exemplaribus
1470 2416 1552 2446 non
1573 2406 1748 2460 exstant,

246 2474 483 2528 subiungit:
524 2472 711 2528 ‘scripsit
742 2474 1014 2517 Claudianus
1051 2478 1089 2517 et
1123 2474 1216 2517 alia
1245 2474 1468 2527 nonnulla,
1507 2473 1617 2515 inter
1645 2488 1751 2527 qnae

246 2544 283 2582 ct
320 2541 523 2596 hymnum
553 2543 602 2585 de
637 2543 836 2597 passione
873 2544 1048 2595 domini,
1091 2544 1212 2586 euius
1256 2543 1432 2585 initium
1461 2545 1539 2585 est:
1576 2556 1751 2596 panye

247 2609 435 2664 linqua
471 2611 722 2665 yloriosi.
773 2611 861 2665 fuit
899 2614 1039 2653 autem
1076 2612 1212 2666 frater
1252 2610 1457 2653 Mamerti
1500 2610 1751 2653 Viennensis

246 2674 457 2733 episeopi'.
500 2680 583 2722 iam
607 2680 756 2722 ueteris
777 2680 894 2722 illius
918 2681 1165 2723 scholiastae
1185 2679 1472 2723 testimonium
1496 2691 1576 2720 non
1606 2679 1750 2721 fictum
