1884 2998
282 121 339 164 84
796 117 1042 154 Claudiani
1066 118 1275 154 Mamerti

931 278 1136 334 XXIIII.

281 407 390 446 QVIA
433 406 528 437 NON
572 406 654 438 EST
696 406 840 436 ALIVD
883 406 1032 436 ANIMA
1078 407 1220 437 ALIVD
1274 406 1485 437 MEMORIA
1539 406 1782 438 COGITATIO

404 476 494 506 VEL
525 474 776 513 VOLVNTAS,
816 475 909 505 CVM
939 474 1061 504 HAEC
1096 475 1253 504 EADEM
1284 476 1377 505 VNA
1408 474 1477 505 SIT
1502 476 1660 506 ANIMA.

340 565 423 608 Sed
464 566 682 620 subiungis
732 578 779 608 ac
831 566 956 608 dicis:
1008 566 1150 608 aliud
1203 569 1279 608 est
1326 566 1534 609 animae
1588 568 1783 618 status,

283 635 432 677 aliud
476 634 518 677 is
564 635 654 688 qui
699 636 759 677 de
803 635 975 676 anima
1018 634 1259 676 nascitur
1305 634 1665 688 cogitationis
1704 637 1784 679 ad·
1813 650 1830 676 5

282 703 479 747 fectus.
529 716 678 758 quam
709 703 766 745 ob
797 716 899 745 rem
931 703 1022 745 aut
1053 703 1148 745 hoc
1179 703 1353 756 potius
1385 703 1782 747 aestimandum

281 774 382 826 est,
422 773 549 827 quod
587 772 631 813 si
676 772 879 825 quando
925 770 1029 813 sibi
1069 771 1271 824 aliquid
1302 771 1654 826 imaginatur,
1688 786 1784 815 ma-

281 840 361 895 gis
384 853 494 883 cum
524 840 635 883 suis
664 840 807 882 intra
838 841 1000 881 semet
1030 839 1196 893 ipsam
1218 839 1450 882 motibus
1484 844 1785 895 occupetur,

284 910 334 951 et
364 909 407 951 si
439 908 555 963 quid
588 910 734 951 aliud
766 911 864 960 est,
898 911 1029 962 quod
1058 908 1329 963 adspicere
1354 909 1584 959 uidetur,
1616 910 1783 965 magis

282 979 326 1020 ei
362 980 414 1020 in
445 978 832 1020 recordationis
874 978 1082 1033 speculo
1119 979 1458 1022 describatur.
1511 979 1625 1021 istud
1658 981 1782 1022 natu·
1799 996 1831 1021 ιο

281 1060 369 1089 13111
399 1050 448 1089 tu
477 1050 598 1101 putas
642 1047 729 1088 eius
772 1059 872 1101 esse,
913 1058 995 1088 non
1031 1058 1217 1100 poenam,
1262 1047 1496 1101 idcircoque
1540 1048 1680 1090 anima
1710 1050 1783 1089 tua

279 1116 324 1157 in
355 1115 635 1171 recognitione
675 1115 740 1157 sui
776 1115 950 1167 fallitur,
983 1115 1079 1168 quia
1109 1115 1188 1157 sibi
1221 1117 1481 1158 aduersantia
1511 1129 1584 1169 pro
1616 1128 1659 1157 se
1689 1129 1779 1159 am-

282 1185 478 1239 plectitur
517 1186 559 1226 et
598 1196 670 1238 per
700 1195 844 1225 sensus
884 1183 1066 1237 corporis
1098 1183 1358 1226 fallaciarum
1389 1185 1555 1228 adfecta
1586 1184 1780 1228 ludibriis

281 1256 448 1296 eotenus
479 1253 704 1307 inplicatur
735 1265 881 1304 errore,
914 1255 961 1294 ut
990 1254 1206 1306 tamquam
1236 1253 1383 1295 absens
1415 1254 1495 1296 sibi
1525 1267 1567 1296 se
1598 1254 1780 1308 quaerat,

281 1335 376 1365 cum
416 1322 504 1376 ipsa
543 1322 599 1364 sit
639 1334 840 1375 quaerens
880 1334 935 1363 se.
988 1333 1069 1363 non
1113 1323 1222 1363 enim
1262 1322 1367 1364 illud
1408 1325 1470 1365 est
1505 1323 1643 1366 anima
1675 1323 1781 1377 quod
1797 1339 1829 1364 15

280 1392 502 1445 quaeritur,
534 1392 605 1433 sed
634 1401 714 1444 quo
744 1391 975 1444 quaeritur:
1009 1390 1207 1444 quidquid
1240 1390 1351 1433 enim
1381 1392 1557 1445 quaerit,
1590 1394 1704 1434 extra
1741 1404 1783 1433 se

280 1462 353 1512 est,
386 1473 460 1503 nec
490 1472 683 1514 quaerere
714 1459 778 1502 illi
809 1472 909 1513 opus
940 1460 1014 1511 est,
1046 1459 1127 1501 nisi
1159 1461 1266 1513 quod
1297 1472 1437 1502 secum
1468 1473 1548 1503 non
1579 1461 1651 1502 est.
1694 1460 1783 1514 ipsa

278 1528 417 1571 autem
457 1540 597 1570 secum
638 1527 713 1577 est,
755 1527 853 1581 quia
892 1527 981 1570 sine
1021 1540 1064 1569 se
1105 1527 1211 1569 nihil
1252 1530 1326 1579 est,
1373 1539 1568 1582 quaerere
1606 1540 1650 1570 se
1682 1539 1779 1582 ergo

277 1610 359 1640 non
403 1597 557 1646 debuit,
598 1609 701 1650 quae
739 1596 828 1639 sine
868 1608 912 1639 se
953 1608 1041 1639 esse
1082 1608 1164 1638 non
1203 1597 1353 1651 potuit.
1404 1598 1649 1651 quapropter
1686 1608 1781 1639 cum

277 1679 320 1708 se
350 1679 431 1709 non
462 1666 550 1708 sine
582 1679 624 1709 se
655 1667 828 1720 quaerit,
869 1667 1099 1708 necessario
1130 1666 1172 1708 in
1204 1667 1319 1708 aliud
1354 1666 1541 1717 incurrit,
1574 1667 1669 1720 quia
1700 1678 1779 1708 non
1795 1683 1829 1708 20

275 1737 412 1789 potest
451 1748 492 1777 se
522 1735 708 1777 inuenire
749 1736 838 1778 sine
879 1748 935 1778 se.
986 1736 1085 1778 haec
1125 1738 1187 1778 est
1217 1736 1293 1778 illa
1332 1736 1495 1786 inlusio,
1540 1747 1666 1789 quam
1709 1735 1780 1788 qui

276 1803 487 1858 intellegit
527 1805 640 1846 dolet
671 1817 718 1846 ac
748 1805 888 1846 dolens
929 1803 1062 1858 gemit
1103 1805 1144 1846 et
1185 1817 1278 1846 cum
1307 1804 1509 1859 propheta
1539 1804 1701 1858 plangit
1733 1815 1780 1845 ac

278 1872 400 1915 dicit:
423 1875 536 1914 tota
568 1873 649 1914 die
681 1873 1039 1915 contristatus
1070 1873 1365 1927 ingredior,
1398 1872 1642 1926 quoniam
1672 1872 1779 1914 ani-

276 1953 352 1983 ma
392 1953 501 1984 mea
544 1941 788 1995 conpleta
836 1944 914 1984 est
954 1941 1330 1985 inlusionibus.
1383 1941 1452 1983 sed
1496 1941 1618 1982 istius
1665 1941 1779 1983 modi

414 2065 437 2099 4
461 2065 504 2100 cf.
528 2076 611 2110 pag.
638 2066 692 2107 11,
720 2065 740 2099 7
878 2066 923 2101 23
947 2065 1081 2100 Psalm.
1107 2066 1162 2108 37,
1188 2066 1208 2100 7
1224 2075 1274 2110 sq.

344 2179 365 2213 2
389 2179 558 2213 memoria
582 2190 647 2214 om.
674 2179 721 2214 M
744 2180 784 2213 in
808 2179 1054 2224 capitulorum
1077 2179 1199 2214 indice
1224 2190 1304 2214 cum
1335 2179 1477 2215 ABRS
1602 2179 1624 2213 3
1649 2189 1779 2213 cum-—

276 2236 406 2280 anima]
434 2236 494 2271 sed
517 2239 711 2280 utrumque
736 2239 814 2271 uita
839 2238 892 2271 est
917 2239 952 2271 et
977 2237 1096 2272 anima
1119 2238 1165 2272 M
1185 2238 1225 2272 in
1246 2238 1356 2282 capit.
1380 2237 1512 2279 indice,
1555 2236 1615 2271 sed
1640 2238 1779 2271 utrum-

275 2304 343 2339 que
378 2304 449 2328 una
481 2295 535 2328 est
571 2295 692 2328 anima
726 2293 870 2329 ABRS
1006 2295 1027 2330 5
1062 2294 1118 2328 his
1161 2295 1283 2330 0H¹R
1422 2295 1442 2328 6
1478 2294 1572 2328 haud
1611 2294 1686 2329 Mb

275 2353 296 2386 8
322 2352 438 2396 ipsum
463 2351 733 2387 ABDFGHR
749 2351 830 2386 Seh.
937 2352 959 2386 9
984 2351 1100 2396 magis
1125 2351 1267 2386 uidetur
1294 2351 1328 2387 G
1444 2352 1488 2385 10
1512 2351 1559 2394 ei]
1587 2353 1622 2385 et
1655 2351 1688 2386 G

276 2408 492 2443 discribatur
516 2409 613 2444 H¹R
742 2409 782 2442 11
810 2408 939 2443 11161160
957 2419 1047 2453 quae
1071 2409 1125 2452 R,
1165 2408 1295 2443 idcirco
1313 2408 1396 2453 quia
1422 2408 1465 2450 S,
1508 2407 1637 2442 idcirco
1657 2419 1686 2452 p

276 2488 319 2522 12
343 2466 594 2532 recognatione
612 2488 652 2533 S,
690 2488 936 2524 recordatione
957 2490 991 2525 G
1124 2490 1167 2525 14
1184 2491 1327 2524 eatenus
1343 2489 1504 2533 DEF²p
1641 2489 1683 2523 16
1708 2499 1776 2533 quo

274 2559 470 2603 quaeritur]
506 2558 600 2602 quod
636 2558 775 2602 quaerit
813 2558 886 2592 PT
901 2558 980 2593 Sch.
1131 2560 1211 2603 quic
1247 2559 1387 2603 quaerit
1419 2559 1472 2601 A,
1513 2557 1599 2602 quid
1634 2557 1777 2602 quaerit

273 2614 325 2658 B,
365 2615 459 2659 quod
483 2615 621 2659 quaerit
645 2615 763 2650 ΒΕΓ
882 2616 922 2649 17
948 2616 1022 2660 1166]
1049 2626 1119 2650 11011
1142 2618 1183 2660 10²
1304 2615 1346 2650 19
1371 2616 1470 2660 quae]
1498 2617 1581 2659 quia
1606 2616 1685 2651 Sch.

274 2682 311 2706 se
335 2682 401 2707 om.
426 2672 460 2706 A
586 2673 631 2707 20
655 2673 813 2707 incurrat
837 2672 985 2709 HLRS
1001 2673 1079 2708 Sch.
1208 2673 1250 2708 21
1278 2684 1313 2708 se
1339 2672 1510 2718 inuenire]
1537 2673 1574 2707 in
1599 2683 1634 2707 se
1658 2673 1776 2707 uenire

273 2729 347 2764 Mb
484 2729 529 2764 23
554 2729 778 2774 ingrediebar
804 2729 882 2765 Sch.
