1884 2998
595 89 654 125 De
680 90 807 125 statu
832 90 1005 125 animae
1033 90 1093 126 III
1119 91 1172 126 16.
1554 92 1642 136 185

822 279 949 335 XVI.

279 418 569 450 SVPERIORVM
599 418 648 449 IN
678 418 816 449 BREVI
852 417 1216 449 RECAPITVLATIO
1246 418 1493 452 LIBRORVM.

191 509 344 552 Verum
376 510 568 563 quoniam
598 510 745 561 multa,
784 522 888 564 quae
920 510 995 552 sub
1026 510 1196 552 huiusce
1227 510 1481 553 discussione
1512 523 1641 565 quae-

135 576 282 620 stionis
314 577 456 620 ubiubi
488 578 806 632 disputauimus,
838 589 918 620 non
950 590 1078 631 usque
1109 577 1289 621 faciliter
1320 579 1520 621 memoria
1542 592 1642 622 con-

104 646 261 701 splecti
299 646 487 701 cognitor
525 647 676 700 potest,
719 658 823 700 quae
862 648 1039 699 sparsim
1069 646 1316 689 edissertata
1344 659 1541 701 quaeque,
1574 648 1639 690 uti

133 715 323 766 arbitror,
350 714 486 757 euicta
515 715 610 757 sunt
639 715 844 757 collectim
874 714 1134 769 strictimque
1166 716 1209 758 et
1238 717 1367 758 ueluti
1398 716 1634 769 punctatim

135 783 211 825 sub
255 783 405 826 mentis
446 783 611 826 oculum
651 783 791 838 redegi
828 784 870 826 et
906 783 1125 826 reuisenda
1154 784 1278 826 simul
1309 785 1643 838 renoscendaque

135 853 332 908 congessi.

658 958 694 998 1.
727 958 796 999 De
827 956 1150 1010 incorporeo.

90 1075 124 1101 ιο
194 1059 303 1102 Deus
342 1059 605 1113 incorporeus
646 1060 721 1112 est,
761 1059 898 1114 imago
938 1061 1079 1102 autem
1120 1059 1183 1101 dei
1224 1059 1430 1101 humanus
1462 1058 1641 1110 animus,

137 1128 331 1182 quoniam
363 1129 415 1171 ad
455 1128 774 1171 similitudinem
806 1132 847 1171 et
878 1129 1105 1184 imaginem
1145 1129 1211 1171 dei
1242 1129 1379 1171 factus
1411 1130 1474 1171 est
1503 1129 1642 1171 home.

138 1198 345 1239 enimuero
376 1197 515 1250 imago
546 1198 771 1251 incorporei
804 1209 951 1251 corpus
984 1210 1071 1240 esse
1101 1209 1181 1239 non
1203 1199 1351 1251 potest,
1392 1197 1523 1252 igitur
1545 1197 1646 1251 quia

136 1264 275 1320 imago
316 1266 381 1308 dei
420 1267 482 1308 est
520 1267 725 1309 humanus
765 1266 940 1321 animus,
981 1267 1242 1320 incorporeus
1277 1268 1340 1309 est
1371 1267 1532 1309 animus
1563 1267 1643 1309 hu-

136 1346 296 1377 manus.

91 1461 125 1488 15
739 1448 778 1491 2.
812 1450 882 1491 De
915 1450 1038 1491 uita.

197 1550 328 1593 Omne
358 1549 536 1592 inlocale
565 1551 850 1604 incorporeum
882 1562 1040 1604 quoque
1072 1554 1145 1605 est,
1185 1563 1303 1605 porro
1334 1552 1422 1594 uita
1462 1552 1646 1605 corporis

137 1620 278 1662 anima
318 1621 380 1661 est
411 1621 452 1661 et
482 1618 525 1661 in
559 1630 726 1672 corpore
762 1620 931 1662 uiuente
962 1620 1049 1662 tam
1078 1620 1187 1662 uiuit
1218 1632 1312 1673 pars
1345 1620 1517 1662 minima
1549 1632 1642 1663 cor·

137 1687 261 1742 poris,
301 1699 424 1741 quam
462 1690 596 1730 totum
636 1699 797 1742 corpus.
848 1689 1012 1730 tantum
1052 1699 1146 1742 ergo
1187 1688 1301 1730 uitae
1332 1688 1373 1730 in
1405 1691 1524 1743 parte
1555 1700 1643 1731 cor-

137 1755 246 1810 poris
287 1758 361 1805 est,
404 1756 605 1809 quantum
635 1755 679 1796 in
711 1758 799 1797 toto
831 1768 1007 1809 corpore,
1055 1757 1096 1798 et
1140 1756 1230 1798 uita
1270 1756 1369 1799 haec
1399 1756 1536 1798 anima
1566 1757 1646 1811 est,

92 1840 127 1866 20
138 1836 212 1866 nec
242 1824 373 1867 locale
403 1827 467 1866 est
498 1825 605 1878 quod
636 1825 725 1867 tam
760 1837 958 1879 magnum
990 1825 1054 1866 est
1084 1825 1127 1866 in
1158 1825 1246 1867 toto
1278 1836 1403 1878 quam
1433 1825 1476 1866 in
1506 1825 1645 1878 aliquo

140 1893 181 1935 et
229 1895 316 1936 tam
362 1905 559 1947 magnum
590 1893 633 1934 in
664 1905 791 1946 paruo
837 1905 961 1947 quam
1005 1896 1048 1934 in
1086 1905 1247 1947 magno.
1298 1905 1379 1935 non
1424 1892 1553 1947 igitur
1582 1893 1646 1935 lo-

141 1960 241 2004 calis
287 1963 348 2002 est
379 1961 556 2014 animus,
608 1963 648 2003 et
694 1961 894 2015 quidquid
941 1961 1116 2004 inlocale
1162 1964 1225 2004 est
1270 1973 1508 2016 corporeum
1561 1974 1645 2003 non

141 2030 224 2073 estz
255 2030 385 2086 igitur
414 2031 553 2073 anima
584 2041 728 2084 corpus
760 2041 840 2071 non
872 2030 946 2072 est.

209 2245 230 2280 3
255 2246 474 2281 discussione
499 2256 564 2282 om.
591 2246 651 2282 Μι
677 2247 868 2292 (superscr.
893 2258 987 2282 man.
1013 2249 1094 2289 rec.)
1122 2247 1142 2282 b
1296 2247 1318 2281 4
1343 2245 1467 2303 ᾳὶζξιὼί
1492 2245 1544 2288 Β,
1582 2245 1644 2280 ubi

145 2325 249 2362 CGR
387 2326 539 2362 feliciter
564 2326 630 2363 LS
765 2327 787 2363 5
812 2327 1000 2373 disparsim
1024 2327 1183 2370 ABEF,
1226 2326 1411 2371 dispersim
1435 2326 1474 2361 D
1609 2327 1648 2361 et

141 2407 334 2443 dissertata
364 2408 410 2443 M
439 2408 614 2451 editores,
655 2408 828 2443 edisserta
859 2409 913 2451 A,
953 2408 1144 2443 dissertata
1174 2408 1210 2444 R
1349 2407 1369 2441 6
1402 2396 1647 2462 striictimque

143 2487 188 2530 S,
229 2488 494 2533 districtimque
514 2490 558 2534 1²²
697 2489 717 2523 7
750 2488 851 2523 oculo
882 2488 927 2523 M
937 2489 957 2523 b
1095 2487 1208 2533 redigi
1244 2485 1553 2522 BDEFHLRS¹

142 2557 483 2602 recognoscendaque
523 2557 556 2593 G
574 2556 654 2592 Sch.
816 2558 838 2592 8
874 2557 1052 2602 congressi
1090 2557 1124 2592 L
1294 2555 1335 2590 17
1372 2555 1476 2590 uiuat
1506 2555 1553 2599 1⁰²

142 2638 291 2673 minima
323 2649 403 2684 pars
435 2637 466 2673 S
601 2638 645 2673 20
676 2648 720 2672 ne
751 2637 787 2672 B
926 2638 962 2672 in
994 2641 1079 2672 ante
1111 2639 1187 2671 toto
1218 2647 1283 2673 om.
1319 2636 1348 2672 Ο
1483 2637 1524 2671 21
1559 2617 1646 2680 pafo

144 2706 175 2742 S
307 2706 350 2742 22
375 2708 515 2742 animus
539 2718 604 2743 om.
630 2706 786 2743 BDEF
890 2708 893 2709 ’
920 2706 1029 2742 locale
1060 2706 1089 2741 G
