1884 2998
257 124 339 166 124
768 121 1013 156 Claudiani
1036 122 1244 157 Mamerti

255 249 426 291 motus
466 248 566 299 est,
607 247 946 290 animaduertens
989 247 1178 301 equidem
1219 249 1280 289 uir
1319 248 1554 291 excellentis
1599 249 1755 303 ingenii

254 317 339 360 fore
369 316 568 359 nonnulla
599 316 748 370 quibus
778 317 832 358 sit
861 315 1019 358 moueri
1050 316 1264 370 proprium
1295 328 1417 359 causa
1447 317 1583 359 motus
1614 317 1751 360 alieni,

253 385 453 439 quidquid
485 387 592 427 enim
624 385 855 427 uoluntario
879 385 1082 436 mouetur,
1114 386 1253 438 ipsum
1284 385 1368 428 fere
1399 385 1482 428 sibi
1513 398 1636 428 causa
1666 398 1755 428 mo-

253 457 321 496 tus
353 455 429 506 est,
462 454 569 509 quod
598 454 738 496 autem
769 454 960 495 mouetur
990 453 1055 495 uel
1088 454 1272 496 nesciens
1303 454 1372 496 uel
1413 455 1593 496 inuitum
1632 467 1756 508 penes

254 522 456 565 scientem
500 522 567 564 uel
613 523 827 575 cogentem
873 533 1015 563 causas
1062 524 1198 564 motus
1245 522 1382 564 habet.
1434 535 1506 565 nec
1551 526 1756 578 repugnat
1787 537 1803 562 5

253 591 528 634 anterioribus
574 591 724 633 nostris
771 590 1133 644 disputationibus,
1181 592 1289 644 quod
1336 591 1430 633 istic
1462 604 1486 633 a
1516 604 1558 634 se
1599 593 1756 634 moueri

254 660 438 703 animam
468 660 657 713 dicimus,
690 671 785 701 cum
816 658 1086 713 principalem
1116 660 1346 702 motionum
1379 659 1587 702 cardinem
1615 662 1659 702 in
1682 661 1755 702 deo

255 741 340 771 esse
370 730 569 780 dicamus,
623 729 818 782 quoniam
847 729 891 770 id
922 728 1060 781 ipsum
1091 728 1174 770 fere
1206 742 1230 771 a
1260 729 1334 770 deo
1357 728 1422 770 illi
1444 730 1517 779 est,
1543 731 1590 771 ut
1611 732 1756 782 sponte

253 799 481 849 moueatur,
514 798 704 840 uidelicet
735 798 793 847 ut,
836 796 947 839 sicut
987 809 1106 839 causa
1137 799 1274 840 motus
1305 798 1433 839 animi
1464 798 1659 841 uoluntas
1694 802 1757 840 est

216 880 219 881 ⁷
254 868 352 920 eius,
397 867 454 909 sic
501 866 770 917 substantiae,
811 877 916 918 quae
954 865 1088 907 utitur
1126 866 1352 920 uoluntate,
1396 878 1519 909 causa
1557 867 1612 908 sit
1642 868 1754 918 deus,
1770 880 1803 906 ιο

254 935 362 988 quia,
396 935 474 976 etsi
512 947 630 988 posse
661 935 769 976 uelle
800 934 919 976 nobis
957 947 1003 976 ex
1035 935 1108 977 deo
1140 936 1214 987 est,
1248 947 1329 978 non
1362 937 1494 978 omnis
1525 936 1757 978 uoluntatis

253 1004 418 1045 nostrae
463 1005 598 1044 motus
644 1004 722 1045 erit
766 1016 813 1045 ex
859 1005 945 1046 deo.
997 1003 1063 1045 uel
1107 1004 1207 1045 tunc
1251 1015 1353 1057 reor,
1402 1016 1497 1046 cum
1536 1005 1753 1047 uoluntate

252 1083 482 1125 peccamus,
529 1071 660 1113 nostri
702 1083 826 1113 causa
865 1072 1003 1113 motus
1044 1086 1092 1114 ex
1133 1072 1248 1114 nobis
1288 1074 1363 1122 est,
1405 1086 1454 1114 ne
1490 1076 1754 1127 peccatorum

253 1142 376 1182 deum
408 1140 608 1182 faciamus
640 1143 861 1182 auctorem.
910 1140 1101 1194 quocirca
1131 1142 1167 1182 si
1188 1152 1333 1195 corpus
1354 1153 1377 1182 a
1400 1154 1442 1182 se
1462 1154 1542 1183 non
1564 1145 1755 1184 mouetur

256 1210 297 1249 et
329 1219 477 1261 corpus
509 1220 589 1249 non
621 1211 684 1249 est
716 1208 824 1261 quod
850 1207 933 1249 sibi
954 1219 1077 1250 causa
1097 1208 1233 1250 motus
1256 1209 1327 1261 est,
1360 1208 1456 1262 quia
1486 1209 1530 1251 in
1555 1221 1597 1250 se
1618 1210 1755 1252 motus
1771 1223 1802 1250 ιε»

253 1278 317 1319 sui
349 1288 490 1319 causas
520 1276 659 1326 habet,
697 1277 836 1318 anima
866 1289 946 1318 non
977 1277 1041 1317 est
1071 1289 1228 1329 corpus.

309 1357 427 1398 Idem
448 1356 600 1398 Platon
631 1357 675 1398 in
706 1356 825 1410 libro,
853 1369 976 1410 quem
1006 1356 1106 1412 περὶ
1137 1358 1318 1413 φυσικῆς
1348 1358 1534 1413 scripsit:
1562 1371 1585 1400 a
1595 1359 1698 1401 nim
1710 1372 1733 1402 a
1745 1392 1754 1409 ‚

251 1425 400 1478 inquit,
432 1424 784 1467 animantium
807 1427 940 1467 omni
956 1438 1036 1467 um
1068 1438 1218 1480 corpo
1233 1427 1362 1468 ralis
1394 1439 1495 1469 non
1517 1428 1598 1470 est
1618 1428 1668 1482 ip
1682 1440 1755 1470 sa-

252 1506 345 1547 que
394 1506 446 1535 se
496 1497 673 1536 mouet
732 1493 958 1536 aliorum
1019 1507 1223 1548 quoque
1283 1495 1569 1549 agitatrix,
1630 1508 1755 1550 quae

253 1563 586 1605 naturaliter
636 1565 773 1605 mota
818 1566 952 1605 sunt.
1008 1563 1051 1605 in
1095 1564 1311 1606 Phaedone
1358 1566 1498 1608 autem
1544 1565 1603 1607 sic
1649 1567 1756 1619 apud
1769 1579 1802 1605 20

252 1632 428 1673 eundem
459 1631 678 1674 Platonem
710 1644 804 1673 cum
837 1632 1010 1675 Simmia
1041 1633 1082 1674 et
1114 1632 1262 1675 Cebete
1295 1633 1467 1688 aliisque
1502 1634 1756 1688 philosophis

253 1699 440 1741 Socrates
480 1701 676 1754 loquitur,
717 1704 764 1743 ut
805 1713 900 1743 cum
940 1702 1154 1744 uideamus
1196 1702 1285 1744 illic
1321 1704 1443 1745 ualde
1486 1704 1756 1745 consentanea

252 1767 488 1822 nostrisque
520 1768 667 1823 oppido
700 1769 931 1812 coniuentia
950 1771 1221 1824 pronuntiari,
1254 1783 1355 1825 quae
1378 1784 1460 1814 non
1483 1773 1616 1813 solum
1637 1783 1756 1824 prae-

392 1904 433 1939 17
459 1904 503 1940 cf.
529 1905 634 1950 Apul.
661 1905 702 1940 de
728 1906 844 1951 dogm.
871 1907 964 1941 Plat.
990 1907 1009 1941 I
1033 1908 1054 1941 9

321 2028 342 2062 2
374 2029 566 2074 proprium]
599 2031 640 2064 ut
671 2032 757 2069 sunt
787 2031 924 2075 lapides
956 2034 991 2067 et
1023 2032 1124 2077 ligna
1155 2035 1339 2078 ceteraque
1370 2026 1594 2069 insensibilia
1626 2035 1710 2070 add.
1735 2035 1755 2069 b

252 2095 295 2119 ex
316 2086 433 2130 ylossa
457 2086 497 2120 in
519 2087 567 2121 M
589 2089 840 2133 superscripta
978 2091 999 2124 3
1031 2091 1238 2126 uoluntaria
1263 2092 1299 2126 A
1435 2093 1458 2127 4
1480 2103 1566 2136 pene
1590 2093 1665 2128 Mb

252 2143 273 2176 9
302 2145 419 2177 motus
445 2154 548 2177 causa
572 2144 657 2179 libri
677 2150 829 2189 praeter
859 2147 1027 2182 0E²GM
1161 2151 1215 2183 est
1239 2159 1302 2184 om.
1330 2149 1413 2184 libri
1431 2154 1584 2194 praeter
1607 2151 1699 2186 E²G
1723 2155 1757 2186 et

251 2200 271 2234 b
288 2199 368 2235 Seli.
487 2202 525 2235 11
545 2203 656 2247 posse]
675 2199 738 2247 pse
756 2203 801 2246 B,
837 2215 937 2248 posse
954 2207 991 2239 et
1006 2205 1170 2241 DE1FG
1174 2208 1229 2250 12²,
1266 2207 1360 2242 iusta
1378 2208 1468 2242 coni.
1485 2208 1666 2243 Bai-thius

252 2267 370 2291 omnes
406 2258 608 2293 uoluntates
645 2260 681 2295 R
844 2262 887 2296 13
923 2273 985 2296 nec
1020 2263 1194 2299 AE¹MR
1348 2264 1390 2299 14
1424 2264 1594 2299 faciemus
1629 2267 1665 2300 A

254 2314 296 2348 16
331 2313 460 2349 habeat
496 2315 581 2350 libri
609 2321 763 2360 praeter
799 2318 916 2354 CGM
1129 2322 1170 2356 17
1207 2321 1299 2356 idem
1341 2322 1418 2357 GM
1452 2322 1620 2364 editores,
1669 2323 1755 2358 item

251 2371 327 2405 rell.
466 2372 564 2416 plato
592 2373 795 2410 DEFLM
928 2376 1010 2420 περὶ
1035 2378 1191 2422 φυσικῆς
1213 2379 1360 2423 scripsi,
1400 2379 1583 2424 perifisicis
1610 2385 1645 2426 (p
1671 2381 1756 2415 ifisi-

250 2427 316 2470 cis)
351 2428 696 2466 BGDEGHLMS
724 2432 779 2474 (in
811 2444 922 2479 marg).
955 2445 1052 2469 man.
1085 2446 1153 2470 rec.
1185 2435 1266 2479 περὶ
1298 2439 1497 2480 φυσικῶν),
1540 2448 1624 2482 pery
1648 2438 1755 2473 fisicis

250 2485 306 2526 A,
346 2486 419 2529 peri
444 2487 566 2531 fysicis
590 2488 637 2532 F,
677 2489 716 2535 pi
740 2490 863 2534 sysicis
889 2491 942 2534 R,
983 2491 1065 2536 περὶ
1090 2493 1237 2535 φύσεως
1265 2493 1420 2528 editores
1559 2496 1602 2529 18
1634 2506 1755 2530 aman-

249 2542 345 2576 tium
380 2543 552 2580 ABH¹R
690 2546 735 2581 20
770 2547 921 2582 immota
960 2549 994 2583 G
1132 2550 1309 2594 phedrone
1341 2551 1426 2586 libri
1451 2556 1605 2595 praeter
1629 2553 1665 2587 L

251 2599 293 2633 21
320 2599 465 2635 siminia
489 2601 543 2645 R,
586 2604 738 2648 symmia
764 2604 794 2639 S
928 2606 1041 2641 cibete
1064 2607 1231 2651 ABCM,
1272 2608 1396 2652 cybete
1421 2610 1498 2644 rell.
1635 2611 1680 2645 22
1703 2621 1754 2645 so-

251 2680 360 2714 cratis
384 2681 660 2720 ABCH¹MRb
797 2685 843 2720 23
875 2687 1101 2721 conuiuentia
1131 2687 1213 2729 AC,
1256 2690 1443 2723 conuentia
1470 2690 1526 2732 B,
1567 2668 1755 2726 conuenitia

250 2736 297 2779 F,
338 2739 586 2774 conuenientia
610 2741 745 2786 DEp²‚
770 2742 866 2787 quod
884 2742 1052 2778 Schottus
1076 2744 1221 2787 ‘mallen
1247 2745 1417 2787 fauerent
1441 2747 1544 2781 modo
1570 2747 1664 2782 libri’
