<?xml version="1.0" encoding="UTF-8"?>
<!DOCTYPE html PUBLIC "-//W3C//DTD XHTML 1.0 Transitional//EN"
    "http://www.w3.org/TR/xhtml1/DTD/xhtml1-transitional.dtd">
<html xmlns="http://www.w3.org/1999/xhtml" xml:lang="en" lang="en">
 <head>
  <title>
</title>
<meta http-equiv="Content-Type" content="text/html;charset=utf-8" />
  <meta name='ocr-system' content='tesseract 3.04.00' />
  <meta name='ocr-capabilities' content='ocr_page ocr_carea ocr_par ocr_line ocrx_word'/>
</head>
<body>
  <div class='ocr_page' id='page_1' title='image "./corpusscriptorum11clauuoft_0143.png"; bbox 0 0 1884 2998; ppageno 0'>
   <div class='ocr_carea' id='block_1_1' title="bbox 624 128 1645 175">
    <p class='ocr_par' dir='ltr' id='par_1_1' title="bbox 624 128 1645 175">
     <span class='ocr_line' id='line_1_1' title="bbox 624 128 1645 175; baseline 0.006 -13"><span class='ocrx_word' id='word_1_1' title='bbox 624 128 683 163; x_wconf 88' lang='lat' dir='ltr'>De</span> <span class='ocrx_word' id='word_1_2' title='bbox 710 130 837 163; x_wconf 83' lang='lat' dir='ltr'>statu</span> <span class='ocrx_word' id='word_1_3' title='bbox 863 128 1037 164; x_wconf 82' lang='lat' dir='ltr'>animae</span> <span class='ocrx_word' id='word_1_4' title='bbox 1061 130 1080 165; x_wconf 98' lang='lat' dir='ltr'>I</span> <span class='ocrx_word' id='word_1_5' title='bbox 1104 129 1160 165; x_wconf 85' lang='lat'>25.</span> <span class='ocrx_word' id='word_1_6' title='bbox 1590 133 1645 175; x_wconf 89' lang='grc'>89</span> 
     </span>
    </p>
   </div>
   <div class='ocr_carea' id='block_1_2' title="bbox 136 253 1646 449">
    <p class='ocr_par' dir='ltr' id='par_1_2' title="bbox 136 253 1646 449">
     <span class='ocr_line' id='line_1_2' title="bbox 136 253 1646 309; baseline 0.002 -11"><span class='ocrx_word' id='word_1_7' title='bbox 136 255 323 298; x_wconf 85' lang='grc'>0011108</span> <span class='ocrx_word' id='word_1_8' title='bbox 395 254 598 296; x_wconf 89' lang='lat' dir='ltr'>similes</span> <span class='ocrx_word' id='word_1_9' title='bbox 670 253 951 306; x_wconf 86' lang='lat' dir='ltr'><strong>fabrorum,</strong></span> <span class='ocrx_word' id='word_1_10' title='bbox 1021 255 1300 309; x_wconf 84' lang='lat' dir='ltr'>ingenium</span> <span class='ocrx_word' id='word_1_11' title='bbox 1369 257 1646 302; x_wconf 82' lang='lat' dir='ltr'>dissimile</span> 
     </span>
     <span class='ocr_line' id='line_1_3' title="bbox 138 322 1643 378; baseline 0.002 -12"><span class='ocrx_word' id='word_1_12' title='bbox 138 324 497 378; x_wconf 77' lang='lat' dir='ltr'>Pythagorae.</span> <span class='ocrx_word' id='word_1_13' title='bbox 547 322 618 364; x_wconf 86' lang='lat' dir='ltr'>sed</span> <span class='ocrx_word' id='word_1_14' title='bbox 649 334 729 364; x_wconf 90' lang='lat' dir='ltr'>non</span> <span class='ocrx_word' id='word_1_15' title='bbox 759 322 910 365; x_wconf 84' lang='lat' dir='ltr'>idcirco</span> <span class='ocrx_word' id='word_1_16' title='bbox 954 323 1204 366; x_wconf 78' lang='lat' dir='ltr'>tardioribus</span> <span class='ocrx_word' id='word_1_17' title='bbox 1234 325 1533 377; x_wconf 87' lang='lat' dir='ltr'>desperandum</span> <span class='ocrx_word' id='word_1_18' title='bbox 1568 329 1643 378; x_wconf 86' lang='lat' dir='ltr'>est,</span> 
     </span>
     <span class='ocr_line' id='line_1_4' title="bbox 140 390 1642 449; baseline 0.002 -15"><span class='ocrx_word' id='word_1_19' title='bbox 140 392 260 434; x_wconf 91' lang='lat' dir='ltr'>modo</span> <span class='ocrx_word' id='word_1_20' title='bbox 292 393 339 433; x_wconf 91' lang='lat' dir='ltr'>ut</span> <span class='ocrx_word' id='word_1_21' title='bbox 369 391 609 434; x_wconf 74' lang='lat' dir='ltr'>auctoritati</span> <span class='ocrx_word' id='word_1_22' title='bbox 641 390 835 433; x_wconf 82' lang='lat' dir='ltr'>cedamus</span> <span class='ocrx_word' id='word_1_23' title='bbox 868 393 937 445; x_wconf 92' lang='lat' dir='ltr'>qui</span> <span class='ocrx_word' id='word_1_24' title='bbox 968 392 1171 434; x_wconf 89' lang='lat' dir='ltr'>rationem</span> <span class='ocrx_word' id='word_1_25' title='bbox 1204 393 1310 434; x_wconf 85' lang='lat' dir='ltr'>forte</span> <span class='ocrx_word' id='word_1_26' title='bbox 1342 406 1421 436; x_wconf 89' lang='lat' dir='ltr'>non</span> <span class='ocrx_word' id='word_1_27' title='bbox 1444 395 1642 449; x_wconf 85' lang='lat' dir='ltr'>capimus.</span> 
     </span>
    </p>
   </div>
   <div class='ocr_carea' id='block_1_3' title="bbox 94 470 1650 1830">
    <p class='ocr_par' dir='ltr' id='par_1_3' title="bbox 94 470 1650 1830">
     <span class='ocr_line' id='line_1_5' title="bbox 197 470 1647 525; baseline 0.002 -12"><span class='ocrx_word' id='word_1_28' title='bbox 197 472 307 513; x_wconf 89' lang='lat' dir='ltr'>Haec</span> <span class='ocrx_word' id='word_1_29' title='bbox 352 483 448 524; x_wconf 90' lang='lat' dir='ltr'>ergo</span> <span class='ocrx_word' id='word_1_30' title='bbox 495 472 543 513; x_wconf 90' lang='lat' dir='ltr'>de</span> <span class='ocrx_word' id='word_1_31' title='bbox 583 482 663 524; x_wconf 88' lang='lat' dir='ltr'>qua</span> <span class='ocrx_word' id='word_1_32' title='bbox 709 470 822 523; x_wconf 83' lang='lat' dir='ltr'>loqui</span> <span class='ocrx_word' id='word_1_33' title='bbox 854 471 1119 513; x_wconf 84' lang='lat' dir='ltr'>institueram</span> <span class='ocrx_word' id='word_1_34' title='bbox 1149 471 1364 525; x_wconf 87' lang='lat' dir='ltr'>longitudo</span> <span class='ocrx_word' id='word_1_35' title='bbox 1395 484 1490 514; x_wconf 87' lang='lat' dir='ltr'>cum</span> <span class='ocrx_word' id='word_1_36' title='bbox 1521 475 1647 516; x_wconf 90' lang='lat' dir='ltr'>fuerit</span> 
     </span>
     <span class='ocr_line' id='line_1_6' title="bbox 109 538 1643 597; baseline -0.001 -12"><span class='ocrx_word' id='word_1_37' title='bbox 109 542 291 593; x_wconf 80' lang='lat' dir='ltr'>5puncto</span> <span class='ocrx_word' id='word_1_38' title='bbox 323 540 518 582; x_wconf 86' lang='lat' dir='ltr'>inchoata</span> <span class='ocrx_word' id='word_1_39' title='bbox 547 541 781 592; x_wconf 86' lang='lat' dir='ltr'>punctoque</span> <span class='ocrx_word' id='word_1_40' title='bbox 812 539 943 590; x_wconf 86' lang='lat' dir='ltr'>finita,</span> <span class='ocrx_word' id='word_1_41' title='bbox 976 552 1000 582; x_wconf 91' lang='lat' dir='ltr'>a</span> <span class='ocrx_word' id='word_1_42' title='bbox 1021 538 1189 582; x_wconf 83' lang='lat' dir='ltr'>Graecis</span> <span class='ocrx_word' id='word_1_43' title='bbox 1219 541 1410 597; x_wconf 76' lang='grc' dir='ltr'><em>γραμμή,</em></span> <span class='ocrx_word' id='word_1_44' title='bbox 1443 553 1467 583; x_wconf 89' lang='lat' dir='ltr'>a</span> <span class='ocrx_word' id='word_1_45' title='bbox 1488 543 1643 584; x_wconf 87' lang='lat' dir='ltr'>nostris</span> 
     </span>
     <span class='ocr_line' id='line_1_7' title="bbox 139 607 1647 662; baseline 0.002 -13"><span class='ocrx_word' id='word_1_46' title='bbox 139 609 248 650; x_wconf 92' lang='lat' dir='ltr'>linea</span> <span class='ocrx_word' id='word_1_47' title='bbox 279 607 448 650; x_wconf 84' lang='lat' dir='ltr'>dicitur.</span> <span class='ocrx_word' id='word_1_48' title='bbox 499 608 584 649; x_wconf 90' lang='lat' dir='ltr'>iam</span> <span class='ocrx_word' id='word_1_49' title='bbox 621 620 730 649; x_wconf 90' lang='lat' dir='ltr'>nunc</span> <span class='ocrx_word' id='word_1_50' title='bbox 761 608 796 648; x_wconf 92' lang='lat' dir='ltr'>si</span> <span class='ocrx_word' id='word_1_51' title='bbox 827 609 926 661; x_wconf 90' lang='lat' dir='ltr'>quid</span> <span class='ocrx_word' id='word_1_52' title='bbox 964 608 1019 650; x_wconf 89' lang='lat' dir='ltr'>sit</span> <span class='ocrx_word' id='word_1_53' title='bbox 1055 608 1270 662; x_wconf 87' lang='lat' dir='ltr'>longitudo</span> <span class='ocrx_word' id='word_1_54' title='bbox 1302 609 1392 650; x_wconf 90' lang='lat' dir='ltr'>sine</span> <span class='ocrx_word' id='word_1_55' title='bbox 1424 610 1647 652; x_wconf 88' lang='lat' dir='ltr'>latitudine</span> 
     </span>
     <span class='ocr_line' id='line_1_8' title="bbox 141 676 1647 731; baseline 0.001 -13"><span class='ocrx_word' id='word_1_56' title='bbox 141 688 387 731; x_wconf 81' lang='lat' dir='ltr'>cognoscere</span> <span class='ocrx_word' id='word_1_57' title='bbox 418 676 592 718; x_wconf 90' lang='lat' dir='ltr'>ualuisti</span> <span class='ocrx_word' id='word_1_58' title='bbox 626 678 668 718; x_wconf 90' lang='lat' dir='ltr'>et</span> <span class='ocrx_word' id='word_1_59' title='bbox 689 677 843 719; x_wconf 89' lang='lat' dir='ltr'>lineam</span> <span class='ocrx_word' id='word_1_60' title='bbox 875 676 1137 731; x_wconf 90' lang='lat' dir='ltr'>longitudine</span> <span class='ocrx_word' id='word_1_61' title='bbox 1167 677 1284 719; x_wconf 91' lang='lat' dir='ltr'>finita</span> <span class='ocrx_word' id='word_1_62' title='bbox 1306 678 1509 727; x_wconf 86' lang='lat' dir='ltr'>formasti,</span> <span class='ocrx_word' id='word_1_63' title='bbox 1546 679 1647 720; x_wconf 87' lang='lat' dir='ltr'>duas</span> 
     </span>
     <span class='ocr_line' id='line_1_9' title="bbox 139 739 1647 800; baseline 0.001 -13"><span class='ocrx_word' id='word_1_64' title='bbox 139 746 331 799; x_wconf 84' lang='lat' dir='ltr'>aequales</span> <span class='ocrx_word' id='word_1_65' title='bbox 370 746 500 787; x_wconf 88' lang='lat' dir='ltr'>lineas</span> <span class='ocrx_word' id='word_1_66' title='bbox 538 745 710 787; x_wconf 88' lang='lat' dir='ltr'>sibimet</span> <span class='ocrx_word' id='word_1_67' title='bbox 748 739 1008 795; x_wconf 72' lang='grc' dir='ltr'><em>ἀντιστάτας</em></span> <span class='ocrx_word' id='word_1_68' title='bbox 1039 759 1060 787; x_wconf 94' lang='grc'>0</span> <span class='ocrx_word' id='word_1_69' title='bbox 1091 746 1259 799; x_wconf 87' lang='lat' dir='ltr'>regione</span> <span class='ocrx_word' id='word_1_70' title='bbox 1290 746 1505 796; x_wconf 88' lang='lat' dir='ltr'>constitue,</span> <span class='ocrx_word' id='word_1_71' title='bbox 1539 747 1647 800; x_wconf 90' lang='lat' dir='ltr'>quod</span> 
     </span>
     <span class='ocr_line' id='line_1_10' title="bbox 141 813 1648 868; baseline 0.001 -13"><span class='ocrx_word' id='word_1_72' title='bbox 141 827 234 856; x_wconf 87' lang='lat' dir='ltr'>cum</span> <span class='ocrx_word' id='word_1_73' title='bbox 281 814 439 865; x_wconf 87' lang='lat' dir='ltr'>feceris,</span> <span class='ocrx_word' id='word_1_74' title='bbox 479 814 676 867; x_wconf 87' lang='lat' dir='ltr'>intellege</span> <span class='ocrx_word' id='word_1_75' title='bbox 707 814 748 855; x_wconf 90' lang='lat' dir='ltr'>te</span> <span class='ocrx_word' id='word_1_76' title='bbox 779 813 956 867; x_wconf 87' lang='lat' dir='ltr'>figuram</span> <span class='ocrx_word' id='word_1_77' title='bbox 995 814 1152 856; x_wconf 88' lang='lat' dir='ltr'>duabus</span> <span class='ocrx_word' id='word_1_78' title='bbox 1192 814 1310 856; x_wconf 87' lang='lat' dir='ltr'>lineis</span> <span class='ocrx_word' id='word_1_79' title='bbox 1349 814 1519 868; x_wconf 86' lang='lat' dir='ltr'>paribus</span> <span class='ocrx_word' id='word_1_80' title='bbox 1567 827 1648 856; x_wconf 88' lang='lat' dir='ltr'>non</span> 
     </span>
     <span class='ocr_line' id='line_1_11' title="bbox 94 881 1645 937; baseline 0 -13"><span class='ocrx_word' id='word_1_81' title='bbox 94 882 298 930; x_wconf 81' lang='lat' dir='ltr'>10fecisse.</span> <span class='ocrx_word' id='word_1_82' title='bbox 349 882 481 936; x_wconf 89' lang='lat' dir='ltr'>figura</span> <span class='ocrx_word' id='word_1_83' title='bbox 521 881 634 924; x_wconf 88' lang='lat' dir='ltr'>enim</span> <span class='ocrx_word' id='word_1_84' title='bbox 673 881 839 933; x_wconf 90' lang='lat' dir='ltr'>dicitur,</span> <span class='ocrx_word' id='word_1_85' title='bbox 881 894 977 923; x_wconf 91' lang='lat' dir='ltr'>cum</span> <span class='ocrx_word' id='word_1_86' title='bbox 1018 882 1186 935; x_wconf 87' lang='lat' dir='ltr'>paribus</span> <span class='ocrx_word' id='word_1_87' title='bbox 1224 882 1494 937; x_wconf 88' lang='lat' dir='ltr'>inparibusue</span> <span class='ocrx_word' id='word_1_88' title='bbox 1524 883 1645 924; x_wconf 89' lang='lat' dir='ltr'>lineis</span> 
     </span>
     <span class='ocr_line' id='line_1_12' title="bbox 140 950 1647 1005; baseline 0 -12"><span class='ocrx_word' id='word_1_89' title='bbox 140 950 346 1004; x_wconf 85' lang='lat' dir='ltr'>capitibus</span> <span class='ocrx_word' id='word_1_90' title='bbox 368 963 456 992; x_wconf 85' lang='lat' dir='ltr'>sese</span> <span class='ocrx_word' id='word_1_91' title='bbox 479 950 817 1005; x_wconf 85' lang='lat' dir='ltr'>contingentibus</span> <span class='ocrx_word' id='word_1_92' title='bbox 840 950 954 992; x_wconf 89' lang='grc'>100118</span> <span class='ocrx_word' id='word_1_93' title='bbox 986 951 1183 993; x_wconf 88' lang='lat' dir='ltr'>ambitur.</span> <span class='ocrx_word' id='word_1_94' title='bbox 1235 951 1395 993; x_wconf 91' lang='lat' dir='ltr'>duabus</span> <span class='ocrx_word' id='word_1_95' title='bbox 1421 964 1513 1005; x_wconf 88' lang='lat' dir='ltr'>ergo</span> <span class='ocrx_word' id='word_1_96' title='bbox 1536 952 1647 1005; x_wconf 86' lang='lat' dir='ltr'>pari-</span> 
     </span>
     <span class='ocr_line' id='line_1_13' title="bbox 142 1019 1648 1074; baseline 0 -13"><span class='ocrx_word' id='word_1_97' title='bbox 142 1020 217 1061; x_wconf 91' lang='lat' dir='ltr'>bus</span> <span class='ocrx_word' id='word_1_98' title='bbox 247 1019 366 1061; x_wconf 89' lang='lat' dir='ltr'>lineis</span> <span class='ocrx_word' id='word_1_99' title='bbox 398 1019 488 1061; x_wconf 90' lang='lat' dir='ltr'>siue</span> <span class='ocrx_word' id='word_1_100' title='bbox 518 1019 697 1060; x_wconf 90' lang='lat' dir='ltr'>auersim</span> <span class='ocrx_word' id='word_1_101' title='bbox 719 1019 867 1072; x_wconf 85' lang='lat' dir='ltr'>positis</span> <span class='ocrx_word' id='word_1_102' title='bbox 889 1019 977 1060; x_wconf 91' lang='lat' dir='ltr'>siue</span> <span class='ocrx_word' id='word_1_103' title='bbox 999 1020 1132 1072; x_wconf 82' lang='lat' dir='ltr'>capite</span> <span class='ocrx_word' id='word_1_104' title='bbox 1154 1020 1492 1074; x_wconf 89' lang='lat' dir='ltr'>contingentibus</span> <span class='ocrx_word' id='word_1_105' title='bbox 1513 1019 1648 1073; x_wconf 87' lang='lat' dir='ltr'>figura</span> 
     </span>
     <span class='ocr_line' id='line_1_14' title="bbox 141 1087 1647 1142; baseline -0.001 -11"><span class='ocrx_word' id='word_1_106' title='bbox 141 1101 221 1130; x_wconf 89' lang='lat' dir='ltr'>non</span> <span class='ocrx_word' id='word_1_107' title='bbox 252 1089 471 1141; x_wconf 80' lang='lat' dir='ltr'>clauditur,</span> <span class='ocrx_word' id='word_1_108' title='bbox 523 1088 659 1129; x_wconf 89' lang='lat' dir='ltr'>tribus</span> <span class='ocrx_word' id='word_1_109' title='bbox 690 1100 786 1129; x_wconf 92' lang='lat' dir='ltr'>uero</span> <span class='ocrx_word' id='word_1_110' title='bbox 819 1087 1060 1140; x_wconf 89' lang='lat' dir='ltr'>aequalibus</span> <span class='ocrx_word' id='word_1_111' title='bbox 1091 1088 1212 1130; x_wconf 89' lang='lat' dir='ltr'>lineis</span> <span class='ocrx_word' id='word_1_112' title='bbox 1244 1088 1377 1141; x_wconf 89' lang='lat' dir='ltr'>figura</span> <span class='ocrx_word' id='word_1_113' title='bbox 1399 1088 1447 1129; x_wconf 87' lang='lat' dir='ltr'>fit</span> <span class='ocrx_word' id='word_1_114' title='bbox 1469 1088 1647 1142; x_wconf 88' lang='lat' dir='ltr'>trigona,</span> 
     </span>
     <span class='ocr_line' id='line_1_15' title="bbox 141 1156 1648 1210; baseline -0.002 -11"><span class='ocrx_word' id='word_1_115' title='bbox 141 1159 182 1199; x_wconf 87' lang='lat' dir='ltr'>et</span> <span class='ocrx_word' id='word_1_116' title='bbox 220 1157 295 1200; x_wconf 90' lang='lat' dir='ltr'>hoc</span> <span class='ocrx_word' id='word_1_117' title='bbox 340 1160 507 1198; x_wconf 84' lang='lat' dir='ltr'>aeterna</span> <span class='ocrx_word' id='word_1_118' title='bbox 544 1158 666 1210; x_wconf 86' lang='lat' dir='ltr'>atque</span> <span class='ocrx_word' id='word_1_119' title='bbox 705 1156 1020 1198; x_wconf 90' lang='lat' dir='ltr'>indemutabilis</span> <span class='ocrx_word' id='word_1_120' title='bbox 1062 1156 1168 1198; x_wconf 90' lang='lat' dir='ltr'>ratio</span> <span class='ocrx_word' id='word_1_121' title='bbox 1205 1159 1267 1198; x_wconf 89' lang='lat' dir='ltr'>est</span> <span class='ocrx_word' id='word_1_122' title='bbox 1298 1157 1411 1198; x_wconf 91' lang='lat' dir='ltr'>omni</span> <span class='ocrx_word' id='word_1_123' title='bbox 1441 1157 1648 1198; x_wconf 89' lang='lat' dir='ltr'>humanae</span> 
     </span>
     <span class='ocr_line' id='line_1_16' title="bbox 95 1225 1648 1279; baseline -0.001 -12"><span class='ocrx_word' id='word_1_124' title='bbox 95 1248 128 1274; x_wconf 74' lang='lat'>15</span> <span class='ocrx_word' id='word_1_125' title='bbox 142 1227 272 1267; x_wconf 87' lang='lat' dir='ltr'>menti</span> <span class='ocrx_word' id='word_1_126' title='bbox 303 1227 372 1267; x_wconf 90' lang='lat' dir='ltr'>uel</span> <span class='ocrx_word' id='word_1_127' title='bbox 402 1238 482 1267; x_wconf 93' lang='lat' dir='ltr'>non</span> <span class='ocrx_word' id='word_1_128' title='bbox 514 1225 746 1267; x_wconf 86' lang='lat' dir='ltr'>admonitae</span> <span class='ocrx_word' id='word_1_129' title='bbox 786 1225 947 1266; x_wconf 88' lang='lat' dir='ltr'>clarens</span> <span class='ocrx_word' id='word_1_130' title='bbox 986 1225 1158 1278; x_wconf 89' lang='lat' dir='ltr'>liquido.</span> <span class='ocrx_word' id='word_1_131' title='bbox 1209 1225 1413 1279; x_wconf 89' lang='lat' dir='ltr'>numquid</span> <span class='ocrx_word' id='word_1_132' title='bbox 1444 1237 1538 1278; x_wconf 89' lang='lat' dir='ltr'>ergo</span> <span class='ocrx_word' id='word_1_133' title='bbox 1570 1225 1648 1266; x_wconf 91' lang='lat' dir='ltr'>tri-</span> 
     </span>
     <span class='ocr_line' id='line_1_17' title="bbox 142 1293 1648 1348; baseline -0.001 -13"><span class='ocrx_word' id='word_1_134' title='bbox 142 1295 218 1336; x_wconf 86' lang='lat' dir='ltr'>bus</span> <span class='ocrx_word' id='word_1_135' title='bbox 248 1294 370 1335; x_wconf 90' lang='lat' dir='ltr'>lineis</span> <span class='ocrx_word' id='word_1_136' title='bbox 401 1293 571 1348; x_wconf 87' lang='lat' dir='ltr'>paribus</span> <span class='ocrx_word' id='word_1_137' title='bbox 604 1306 708 1347; x_wconf 89' lang='lat' dir='ltr'>quae</span> <span class='ocrx_word' id='word_1_138' title='bbox 740 1294 872 1335; x_wconf 88' lang='lat' dir='ltr'>semet</span> <span class='ocrx_word' id='word_1_139' title='bbox 915 1296 1060 1335; x_wconf 92' lang='lat' dir='ltr'>mutuo</span> <span class='ocrx_word' id='word_1_140' title='bbox 1102 1294 1305 1347; x_wconf 87' lang='lat' dir='ltr'>capitibus</span> <span class='ocrx_word' id='word_1_141' title='bbox 1348 1295 1528 1348; x_wconf 81' lang='lat' dir='ltr'>tangunt</span> <span class='ocrx_word' id='word_1_142' title='bbox 1558 1293 1648 1335; x_wconf 89' lang='lat' dir='ltr'>fieri</span> 
     </span>
     <span class='ocr_line' id='line_1_18' title="bbox 142 1362 1649 1416; baseline -0.001 -11"><span class='ocrx_word' id='word_1_143' title='bbox 142 1376 340 1416; x_wconf 91' lang='lat' dir='ltr'>umquam</span> <span class='ocrx_word' id='word_1_144' title='bbox 371 1362 450 1404; x_wconf 86' lang='lat' dir='ltr'>nisi</span> <span class='ocrx_word' id='word_1_145' title='bbox 481 1363 643 1416; x_wconf 86' lang='lat' dir='ltr'>trigona</span> <span class='ocrx_word' id='word_1_146' title='bbox 674 1362 861 1415; x_wconf 80' lang='lat' dir='ltr'>poterit?</span> <span class='ocrx_word' id='word_1_147' title='bbox 892 1363 964 1403; x_wconf 91' lang='lat' dir='ltr'>aut</span> <span class='ocrx_word' id='word_1_148' title='bbox 984 1362 1095 1404; x_wconf 89' lang='lat' dir='ltr'>istud</span> <span class='ocrx_word' id='word_1_149' title='bbox 1119 1362 1252 1416; x_wconf 87' lang='lat' dir='ltr'>magis</span> <span class='ocrx_word' id='word_1_150' title='bbox 1273 1374 1383 1403; x_wconf 91' lang='lat' dir='ltr'>nunc</span> <span class='ocrx_word' id='word_1_151' title='bbox 1403 1374 1548 1403; x_wconf 90' lang='lat' dir='ltr'>uerum</span> <span class='ocrx_word' id='word_1_152' title='bbox 1571 1363 1649 1416; x_wconf 87' lang='lat' dir='ltr'>est,</span> 
     </span>
     <span class='ocr_line' id='line_1_19' title="bbox 143 1430 1648 1486; baseline -0.002 -12"><span class='ocrx_word' id='word_1_153' title='bbox 143 1445 268 1486; x_wconf 91' lang='lat' dir='ltr'>quam</span> <span class='ocrx_word' id='word_1_154' title='bbox 299 1432 392 1483; x_wconf 91' lang='lat' dir='ltr'>fuit,</span> <span class='ocrx_word' id='word_1_155' title='bbox 425 1434 498 1473; x_wconf 90' lang='lat' dir='ltr'>aut</span> <span class='ocrx_word' id='word_1_156' title='bbox 530 1445 616 1474; x_wconf 89' lang='lat' dir='ltr'>esse</span> <span class='ocrx_word' id='word_1_157' title='bbox 647 1432 722 1473; x_wconf 90' lang='lat' dir='ltr'>hoc</span> <span class='ocrx_word' id='word_1_158' title='bbox 753 1445 899 1473; x_wconf 90' lang='lat' dir='ltr'>uerum</span> <span class='ocrx_word' id='word_1_159' title='bbox 923 1432 1144 1484; x_wconf 89' lang='lat' dir='ltr'>aliquando</span> <span class='ocrx_word' id='word_1_160' title='bbox 1167 1431 1300 1484; x_wconf 89' lang='lat' dir='ltr'>coepit</span> <span class='ocrx_word' id='word_1_161' title='bbox 1336 1432 1408 1472; x_wconf 90' lang='lat' dir='ltr'>aut</span> <span class='ocrx_word' id='word_1_162' title='bbox 1430 1430 1648 1484; x_wconf 90' lang='lat' dir='ltr'>aliquando</span> 
     </span>
     <span class='ocr_line' id='line_1_20' title="bbox 143 1499 1648 1553; baseline -0.002 -10"><span class='ocrx_word' id='word_1_163' title='bbox 143 1501 315 1552; x_wconf 85' lang='lat' dir='ltr'>desinet,</span> <span class='ocrx_word' id='word_1_164' title='bbox 347 1504 419 1542; x_wconf 89' lang='lat' dir='ltr'>aut</span> <span class='ocrx_word' id='word_1_165' title='bbox 450 1513 530 1542; x_wconf 88' lang='lat' dir='ltr'>non</span> <span class='ocrx_word' id='word_1_166' title='bbox 564 1502 628 1542; x_wconf 85' lang='lat' dir='ltr'>est</span> <span class='ocrx_word' id='word_1_167' title='bbox 657 1500 820 1542; x_wconf 86' lang='lat' dir='ltr'>facilius</span> <span class='ocrx_word' id='word_1_168' title='bbox 843 1512 1082 1553; x_wconf 87' lang='lat' dir='ltr'>corporeum</span> <span class='ocrx_word' id='word_1_169' title='bbox 1114 1499 1282 1541; x_wconf 86' lang='lat' dir='ltr'>interire</span> <span class='ocrx_word' id='word_1_170' title='bbox 1314 1502 1528 1550; x_wconf 91' lang='lat' dir='ltr'>mundum,</span> <span class='ocrx_word' id='word_1_171' title='bbox 1561 1499 1648 1540; x_wconf 91' lang='lat' dir='ltr'>cui-</span> 
     </span>
     <span class='ocr_line' id='line_1_21' title="bbox 96 1567 1646 1625; baseline -0.002 -13"><span class='ocrx_word' id='word_1_172' title='bbox 96 1593 131 1619; x_wconf 72' lang='lat'>20</span> <span class='ocrx_word' id='word_1_173' title='bbox 145 1583 191 1612; x_wconf 91' lang='lat' dir='ltr'>us</span> <span class='ocrx_word' id='word_1_174' title='bbox 222 1571 365 1625; x_wconf 88' lang='lat' dir='ltr'>utique</span> <span class='ocrx_word' id='word_1_175' title='bbox 405 1570 593 1612; x_wconf 87' lang='lat' dir='ltr'>tumidae</span> <span class='ocrx_word' id='word_1_176' title='bbox 633 1570 864 1622; x_wconf 89' lang='lat' dir='ltr'>localesque</span> <span class='ocrx_word' id='word_1_177' title='bbox 898 1570 1053 1611; x_wconf 88' lang='lat' dir='ltr'>formae</span> <span class='ocrx_word' id='word_1_178' title='bbox 1091 1569 1269 1610; x_wconf 90' lang='lat' dir='ltr'>istarum</span> <span class='ocrx_word' id='word_1_179' title='bbox 1309 1567 1551 1610; x_wconf 89' lang='lat' dir='ltr'>inlocalium</span> <span class='ocrx_word' id='word_1_180' title='bbox 1582 1568 1646 1609; x_wconf 90' lang='lat' dir='ltr'>in-</span> 
     </span>
     <span class='ocr_line' id='line_1_22' title="bbox 145 1636 1648 1692; baseline -0.002 -12"><span class='ocrx_word' id='word_1_181' title='bbox 145 1639 499 1692; x_wconf 86' lang='lat' dir='ltr'>corporaliumque</span> <span class='ocrx_word' id='word_1_182' title='bbox 530 1641 627 1681; x_wconf 90' lang='lat' dir='ltr'>sunt</span> <span class='ocrx_word' id='word_1_183' title='bbox 659 1640 796 1692; x_wconf 89' lang='lat' dir='ltr'>imago</span> <span class='ocrx_word' id='word_1_184' title='bbox 833 1638 1073 1687; x_wconf 86' lang='lat' dir='ltr'>formarum,</span> <span class='ocrx_word' id='word_1_185' title='bbox 1107 1649 1229 1690; x_wconf 91' lang='lat' dir='ltr'>quam</span> <span class='ocrx_word' id='word_1_186' title='bbox 1261 1639 1307 1678; x_wconf 85' lang='lat' dir='ltr'>ut</span> <span class='ocrx_word' id='word_1_187' title='bbox 1338 1637 1495 1689; x_wconf 90' lang='lat' dir='ltr'>aliquid</span> <span class='ocrx_word' id='word_1_188' title='bbox 1517 1649 1563 1678; x_wconf 86' lang='lat' dir='ltr'>ex</span> <span class='ocrx_word' id='word_1_189' title='bbox 1584 1636 1648 1677; x_wconf 90' lang='lat' dir='ltr'>his</span> 
     </span>
     <span class='ocr_line' id='line_1_23' title="bbox 144 1705 1650 1761; baseline -0.002 -12"><span class='ocrx_word' id='word_1_190' title='bbox 144 1707 212 1749; x_wconf 89' lang='lat' dir='ltr'>uel</span> <span class='ocrx_word' id='word_1_191' title='bbox 242 1708 398 1749; x_wconf 89' lang='lat' dir='ltr'>uariari</span> <span class='ocrx_word' id='word_1_192' title='bbox 429 1708 563 1761; x_wconf 85' lang='lat' dir='ltr'>specie</span> <span class='ocrx_word' id='word_1_193' title='bbox 599 1707 666 1749; x_wconf 89' lang='lat' dir='ltr'>uel</span> <span class='ocrx_word' id='word_1_194' title='bbox 697 1707 971 1748; x_wconf 87' lang='lat' dir='ltr'>transmoueri</span> <span class='ocrx_word' id='word_1_195' title='bbox 1001 1707 1089 1748; x_wconf 91' lang='lat' dir='ltr'>loco</span> <span class='ocrx_word' id='word_1_196' title='bbox 1121 1705 1189 1748; x_wconf 91' lang='lat' dir='ltr'>uel</span> <span class='ocrx_word' id='word_1_197' title='bbox 1232 1705 1345 1747; x_wconf 89' lang='lat' dir='ltr'>senio</span> <span class='ocrx_word' id='word_1_198' title='bbox 1396 1707 1650 1747; x_wconf 87' lang='lat' dir='ltr'>ueterescere</span> 
     </span>
     <span class='ocr_line' id='line_1_24' title="bbox 144 1773 1650 1830; baseline -0.003 -12"><span class='ocrx_word' id='word_1_199' title='bbox 144 1777 212 1818; x_wconf 90' lang='lat' dir='ltr'>uel</span> <span class='ocrx_word' id='word_1_200' title='bbox 243 1788 402 1830; x_wconf 90' lang='lat' dir='ltr'>quoquo</span> <span class='ocrx_word' id='word_1_201' title='bbox 434 1779 554 1830; x_wconf 87' lang='lat' dir='ltr'>pacto</span> <span class='ocrx_word' id='word_1_202' title='bbox 585 1776 739 1817; x_wconf 86' lang='lat' dir='ltr'>mutari</span> <span class='ocrx_word' id='word_1_203' title='bbox 772 1775 924 1828; x_wconf 82' lang='lat' dir='ltr'>queat?</span> <span class='ocrx_word' id='word_1_204' title='bbox 969 1786 1020 1816; x_wconf 89' lang='lat' dir='ltr'>ne</span> <span class='ocrx_word' id='word_1_205' title='bbox 1052 1786 1147 1828; x_wconf 88' lang='lat' dir='ltr'>ergo</span> <span class='ocrx_word' id='word_1_206' title='bbox 1177 1786 1249 1827; x_wconf 86' lang='lat' dir='ltr'>per</span> <span class='ocrx_word' id='word_1_207' title='bbox 1278 1786 1421 1815; x_wconf 90' lang='lat' dir='ltr'>omnes</span> <span class='ocrx_word' id='word_1_208' title='bbox 1451 1778 1492 1814; x_wconf 83' lang='lat' dir='ltr'>te</span> <span class='ocrx_word' id='word_1_209' title='bbox 1524 1773 1650 1814; x_wconf 90' lang='lat' dir='ltr'>disci-</span> 
     </span>
    </p>
   </div>
   <div class='ocr_carea' id='block_1_4' title="bbox 145 1965 1655 2792">
    <p class='ocr_par' dir='ltr' id='par_1_4' title="bbox 145 1965 1655 2792">
     <span class='ocr_line' id='line_1_25' title="bbox 218 1965 1651 2012; baseline -0.002 -10"><span class='ocrx_word' id='word_1_210' title='bbox 218 1969 234 2002; x_wconf 96' lang='grc'>1</span> <span class='ocrx_word' id='word_1_211' title='bbox 274 1967 458 2012; x_wconf 86' lang='lat' dir='ltr'>dissimile]</span> <span class='ocrx_word' id='word_1_212' title='bbox 497 1967 615 2002; x_wconf 88' lang='lat' dir='ltr'>simile</span> <span class='ocrx_word' id='word_1_213' title='bbox 653 1967 864 2009; x_wconf 81' lang='lat' dir='ltr'>ABE¹FP,</span> <span class='ocrx_word' id='word_1_214' title='bbox 905 1978 977 2001; x_wconf 91' lang='lat' dir='ltr'>non</span> <span class='ocrx_word' id='word_1_215' title='bbox 1013 1967 1130 2001; x_wconf 88' lang='lat' dir='ltr'>simile</span> <span class='ocrx_word' id='word_1_216' title='bbox 1164 1966 1202 2000; x_wconf 91' lang='lat' dir='ltr'><em>D</em></span> <span class='ocrx_word' id='word_1_217' title='bbox 1342 1966 1363 1999; x_wconf 83' lang='lat'>2</span> <span class='ocrx_word' id='word_1_218' title='bbox 1400 1965 1651 2009; x_wconf 87' lang='lat' dir='ltr'>disperandum</span> 
     </span>
     <span class='ocr_line' id='line_1_26' title="bbox 146 2027 1557 2074; baseline -0.002 -9"><span class='ocrx_word' id='word_1_219' title='bbox 146 2031 183 2066; x_wconf 87' lang='lat' dir='ltr'><strong><em>R</em></strong></span> <span class='ocrx_word' id='word_1_220' title='bbox 311 2030 332 2064; x_wconf 90' lang='lat'><strong>3</strong></span> <span class='ocrx_word' id='word_1_221' title='bbox 348 2032 390 2064; x_wconf 92' lang='lat' dir='ltr'>ut</span> <span class='ocrx_word' id='word_1_222' title='bbox 405 2030 550 2074; x_wconf 76' lang='lat' dir='ltr'>scripsi,</span> <span class='ocrx_word' id='word_1_223' title='bbox 590 2030 645 2064; x_wconf 90' lang='lat' dir='ltr'>uel</span> <span class='ocrx_word' id='word_1_224' title='bbox 663 2030 748 2064; x_wconf 84' lang='lat' dir='ltr'>libri</span> <span class='ocrx_word' id='word_1_225' title='bbox 766 2034 799 2064; x_wconf 79' lang='lat' dir='ltr'>et</span> <span class='ocrx_word' id='word_1_226' title='bbox 817 2029 972 2064; x_wconf 76' lang='lat' dir='ltr'>editores</span> <span class='ocrx_word' id='word_1_227' title='bbox 1096 2028 1308 2063; x_wconf 86' lang='lat' dir='ltr'>auctoritate</span> <span class='ocrx_word' id='word_1_228' title='bbox 1326 2027 1557 2063; x_wconf 84' lang='lat' dir='ltr'><strong><em>ABHLRS¹</em></strong></span> 
     </span>
     <span class='ocr_line' id='line_1_27' title="bbox 145 2090 1652 2139; baseline -0.005 -9"><span class='ocrx_word' id='word_1_229' title='bbox 145 2095 168 2130; x_wconf 85' lang='lat'>5</span> <span class='ocrx_word' id='word_1_230' title='bbox 193 2105 317 2139; x_wconf 85' lang='lat' dir='ltr'>grama</span> <span class='ocrx_word' id='word_1_231' title='bbox 342 2095 405 2137; x_wconf 91' lang='lat' dir='ltr'>M,</span> <span class='ocrx_word' id='word_1_232' title='bbox 446 2104 606 2138; x_wconf 87' lang='lat' dir='ltr'>gramma</span> <span class='ocrx_word' id='word_1_233' title='bbox 631 2094 711 2128; x_wconf 79' lang='lat' dir='ltr'>rell.</span> <span class='ocrx_word' id='word_1_234' title='bbox 850 2094 871 2127; x_wconf 90' lang='grc'><strong>6</strong></span> <span class='ocrx_word' id='word_1_235' title='bbox 895 2092 1001 2127; x_wconf 90' lang='lat' dir='ltr'>lineis</span> <span class='ocrx_word' id='word_1_236' title='bbox 1026 2093 1062 2126; x_wconf 88' lang='lat' dir='ltr'><strong><em>A</em></strong></span> <span class='ocrx_word' id='word_1_237' title='bbox 1193 2091 1400 2136; x_wconf 83' lang='lat' dir='ltr'>latitudine]</span> <span class='ocrx_word' id='word_1_238' title='bbox 1427 2090 1652 2134; x_wconf 88' lang='lat' dir='ltr'>longitudine</span> 
     </span>
     <span class='ocr_line' id='line_1_28' title="bbox 154 2152 1654 2195; baseline -0.003 -3"><span class='ocrx_word' id='word_1_239' title='bbox 154 2157 325 2192; x_wconf 74' lang='lat' dir='ltr'>Galland.</span> <span class='ocrx_word' id='word_1_240' title='bbox 467 2157 487 2191; x_wconf 82' lang='lat'>7</span> <span class='ocrx_word' id='word_1_241' title='bbox 520 2156 669 2191; x_wconf 86' lang='lat' dir='ltr'>uoluisti</span> <span class='ocrx_word' id='word_1_242' title='bbox 693 2156 728 2191; x_wconf 83' lang='lat' dir='ltr'><em>R</em></span> <span class='ocrx_word' id='word_1_243' title='bbox 867 2156 1007 2190; x_wconf 88' lang='lat' dir='ltr'>finitam</span> <span class='ocrx_word' id='word_1_244' title='bbox 1033 2155 1107 2190; x_wconf 87' lang='lat' dir='ltr'>Mb</span> <span class='ocrx_word' id='word_1_245' title='bbox 1134 2155 1300 2190; x_wconf 74' lang='lat' dir='ltr'>Schottus</span> <span class='ocrx_word' id='word_1_246' title='bbox 1323 2154 1366 2188; x_wconf 79' lang='lat' dir='ltr'>iri</span> <span class='ocrx_word' id='word_1_247' title='bbox 1390 2157 1509 2195; x_wconf 77' lang='lat' dir='ltr'>textu,</span> <span class='ocrx_word' id='word_1_248' title='bbox 1550 2152 1654 2187; x_wconf 85' lang='lat' dir='ltr'>finita</span> 
     </span>
     <span class='ocr_line' id='line_1_29' title="bbox 148 2215 1654 2261; baseline -0.004 -6"><span class='ocrx_word' id='word_1_249' title='bbox 148 2220 243 2255; x_wconf 79' lang='lat' dir='ltr'>idem</span> <span class='ocrx_word' id='word_1_250' title='bbox 266 2221 308 2255; x_wconf 75' lang='lat' dir='ltr'>iri</span> <span class='ocrx_word' id='word_1_251' title='bbox 332 2220 431 2255; x_wconf 73' lang='lat' dir='ltr'>notis</span> <span class='ocrx_word' id='word_1_252' title='bbox 569 2220 591 2254; x_wconf 83' lang='lat'><em>8</em></span> <span class='ocrx_word' id='word_1_253' title='bbox 623 2220 815 2254; x_wconf 84' lang='lat' dir='ltr'>antistatas</span> <span class='ocrx_word' id='word_1_254' title='bbox 847 2219 934 2254; x_wconf 77' lang='lat' dir='ltr'>libri</span> <span class='ocrx_word' id='word_1_255' title='bbox 1072 2229 1090 2252; x_wconf 88' lang='lat' dir='ltr'>e</span> <span class='ocrx_word' id='word_1_256' title='bbox 1122 2228 1187 2252; x_wconf 87' lang='lat' dir='ltr'>om.</span> <span class='ocrx_word' id='word_1_257' title='bbox 1219 2218 1262 2261; x_wconf 79' lang='lat'>10²</span> <span class='ocrx_word' id='word_1_258' title='bbox 1399 2216 1421 2251; x_wconf 87' lang='lat'>9</span> <span class='ocrx_word' id='word_1_259' title='bbox 1451 2215 1654 2260; x_wconf 86' lang='lat' dir='ltr'>intellegite</span> 
     </span>
     <span class='ocr_line' id='line_1_30' title="bbox 148 2277 1653 2327; baseline -0.005 -8"><span class='ocrx_word' id='word_1_260' title='bbox 148 2282 185 2319; x_wconf 88' lang='lat' dir='ltr'><em>R</em></span> <span class='ocrx_word' id='word_1_261' title='bbox 315 2284 479 2327; x_wconf 84' lang='lat' dir='ltr'>partibus</span> <span class='ocrx_word' id='word_1_262' title='bbox 503 2282 630 2318; x_wconf 68' lang='grc' dir='ltr'>ΑΒΗ1</span> <span class='ocrx_word' id='word_1_263' title='bbox 771 2283 812 2316; x_wconf 93' lang='grc'>11</span> <span class='ocrx_word' id='word_1_264' title='bbox 839 2282 925 2326; x_wconf 87' lang='grc'>8080]</span> <span class='ocrx_word' id='word_1_265' title='bbox 953 2291 1026 2315; x_wconf 88' lang='grc'>0880</span> <span class='ocrx_word' id='word_1_266' title='bbox 1051 2281 1179 2324; x_wconf 82' lang='lat' dir='ltr'>BGR,</span> <span class='ocrx_word' id='word_1_267' title='bbox 1221 2283 1238 2313; x_wconf 74' lang='grc' dir='ltr'><strong>ἔ</strong></span> <span class='ocrx_word' id='word_1_268' title='bbox 1264 2290 1300 2314; x_wconf 87' lang='grc'>80</span> <span class='ocrx_word' id='word_1_269' title='bbox 1330 2279 1363 2314; x_wconf 76' lang='lat' dir='ltr'><em>G</em></span> <span class='ocrx_word' id='word_1_270' title='bbox 1497 2277 1653 2312; x_wconf 84' lang='lat' dir='ltr'>ambitus</span> 
     </span>
     <span class='ocr_line' id='line_1_31' title="bbox 149 2340 1562 2387; baseline -0.004 -6"><span class='ocrx_word' id='word_1_271' title='bbox 149 2345 184 2381; x_wconf 92' lang='lat' dir='ltr'><em>B</em></span> <span class='ocrx_word' id='word_1_272' title='bbox 301 2346 343 2381; x_wconf 84' lang='lat'>12</span> <span class='ocrx_word' id='word_1_273' title='bbox 369 2346 520 2380; x_wconf 86' lang='lat' dir='ltr'>auersim</span> <span class='ocrx_word' id='word_1_274' title='bbox 546 2345 634 2387; x_wconf 91' lang='lat' dir='ltr'>Mb,</span> <span class='ocrx_word' id='word_1_275' title='bbox 677 2344 852 2383; x_wconf 87' lang='lat' dir='ltr'>aduersim</span> <span class='ocrx_word' id='word_1_276' title='bbox 875 2344 954 2379; x_wconf 79' lang='lat' dir='ltr'>rell.</span> <span class='ocrx_word' id='word_1_277' title='bbox 981 2347 1014 2378; x_wconf 80' lang='lat' dir='ltr'>et</span> <span class='ocrx_word' id='word_1_278' title='bbox 1039 2344 1120 2379; x_wconf 77' lang='lat' dir='ltr'>Sch.</span> <span class='ocrx_word' id='word_1_279' title='bbox 1241 2342 1326 2386; x_wconf 91' lang='lat' dir='ltr'>siue]</span> <span class='ocrx_word' id='word_1_280' title='bbox 1354 2352 1389 2375; x_wconf 90' lang='grc'>80</span> <span class='ocrx_word' id='word_1_281' title='bbox 1414 2340 1499 2375; x_wconf 80' lang='lat' dir='ltr'>add.</span> <span class='ocrx_word' id='word_1_282' title='bbox 1529 2341 1562 2376; x_wconf 78' lang='lat' dir='ltr'><strong><em>G</em></strong></span> 
     </span>
     <span class='ocr_line' id='line_1_32' title="bbox 150 2397 1655 2447; baseline -0.005 -9"><span class='ocrx_word' id='word_1_283' title='bbox 150 2414 172 2438; x_wconf 88' lang='lat' dir='ltr'>a</span> <span class='ocrx_word' id='word_1_284' title='bbox 197 2407 284 2438; x_wconf 76' lang='lat' dir='ltr'>arite</span> <span class='ocrx_word' id='word_1_285' title='bbox 315 2403 430 2447; x_wconf 89' lang='lat' dir='ltr'>capite</span> <span class='ocrx_word' id='word_1_286' title='bbox 463 2402 549 2437; x_wconf 82' lang='lat' dir='ltr'>add.</span> <span class='ocrx_word' id='word_1_287' title='bbox 575 2403 661 2437; x_wconf 84' lang='lat' dir='ltr'>libri</span> <span class='ocrx_word' id='word_1_288' title='bbox 680 2405 832 2446; x_wconf 76' lang='lat' dir='ltr'>praeter</span> <span class='ocrx_word' id='word_1_289' title='bbox 862 2401 935 2435; x_wconf 89' lang='lat' dir='ltr'>Mb</span> <span class='ocrx_word' id='word_1_290' title='bbox 960 2405 994 2436; x_wconf 85' lang='lat' dir='ltr'>et</span> <span class='ocrx_word' id='word_1_291' title='bbox 1013 2401 1098 2440; x_wconf 63' lang='lat' dir='ltr'>,Sela</span> <span class='ocrx_word' id='word_1_292' title='bbox 1239 2400 1282 2433; x_wconf 86' lang='lat'>14</span> <span class='ocrx_word' id='word_1_293' title='bbox 1319 2399 1403 2432; x_wconf 88' lang='lat' dir='ltr'>haec</span> <span class='ocrx_word' id='word_1_294' title='bbox 1433 2408 1462 2441; x_wconf 79' lang='lat' dir='ltr'><em>p</em></span> <span class='ocrx_word' id='word_1_295' title='bbox 1599 2397 1655 2431; x_wconf 90' lang='lat' dir='ltr'>in-</span> 
     </span>
     <span class='ocr_line' id='line_1_33' title="bbox 150 2454 1566 2504; baseline -0.004 -9"><span class='ocrx_word' id='word_1_296' title='bbox 150 2461 379 2496; x_wconf 87' lang='lat' dir='ltr'>demutalibis</span> <span class='ocrx_word' id='word_1_297' title='bbox 407 2461 459 2504; x_wconf 72' lang='lat'>8¹,</span> <span class='ocrx_word' id='word_1_298' title='bbox 496 2459 733 2494; x_wconf 86' lang='lat' dir='ltr'>immutabilis</span> <span class='ocrx_word' id='word_1_299' title='bbox 759 2459 831 2493; x_wconf 92' lang='lat' dir='ltr'>Mb</span> <span class='ocrx_word' id='word_1_300' title='bbox 949 2459 992 2492; x_wconf 79' lang='lat'>15</span> <span class='ocrx_word' id='word_1_301' title='bbox 1016 2457 1209 2492; x_wconf 88' lang='lat' dir='ltr'>ammonite</span> <span class='ocrx_word' id='word_1_302' title='bbox 1234 2456 1288 2497; x_wconf 88' lang='lat' dir='ltr'>E,</span> <span class='ocrx_word' id='word_1_303' title='bbox 1326 2455 1506 2489; x_wconf 84' lang='lat' dir='ltr'>admonito</span> <span class='ocrx_word' id='word_1_304' title='bbox 1536 2454 1566 2490; x_wconf 83' lang='lat'><em>0</em></span> 
     </span>
     <span class='ocr_line' id='line_1_34' title="bbox 154 2511 1564 2562; baseline -0.006 -9"><span class='ocrx_word' id='word_1_305' title='bbox 154 2518 196 2552; x_wconf 88' lang='grc'>16</span> <span class='ocrx_word' id='word_1_306' title='bbox 220 2520 375 2562; x_wconf 82' lang='lat' dir='ltr'>tangant</span> <span class='ocrx_word' id='word_1_307' title='bbox 398 2517 624 2553; x_wconf 79' lang='lat' dir='ltr'><em>DGHLRS</em></span> <span class='ocrx_word' id='word_1_308' title='bbox 739 2517 780 2550; x_wconf 85' lang='lat'>17</span> <span class='ocrx_word' id='word_1_309' title='bbox 798 2516 978 2560; x_wconf 85' lang='lat' dir='ltr'>umquam]</span> <span class='ocrx_word' id='word_1_310' title='bbox 998 2514 1111 2558; x_wconf 88' lang='lat' dir='ltr'>figura</span> <span class='ocrx_word' id='word_1_311' title='bbox 1127 2513 1210 2548; x_wconf 80' lang='lat' dir='ltr'>add.</span> <span class='ocrx_word' id='word_1_312' title='bbox 1231 2512 1311 2547; x_wconf 76' lang='lat' dir='ltr'>Sch.</span> <span class='ocrx_word' id='word_1_313' title='bbox 1429 2511 1511 2545; x_wconf 79' lang='lat' dir='ltr'>stud</span> <span class='ocrx_word' id='word_1_314' title='bbox 1528 2512 1564 2546; x_wconf 83' lang='lat' dir='ltr'><strong><em>R</em></strong></span> 
     </span>
     <span class='ocr_line' id='line_1_35' title="bbox 151 2568 1563 2620; baseline -0.006 -10"><span class='ocrx_word' id='word_1_315' title='bbox 151 2586 254 2620; x_wconf 86' lang='lat' dir='ltr'>mage</span> <span class='ocrx_word' id='word_1_316' title='bbox 289 2575 323 2610; x_wconf 77' lang='lat' dir='ltr'><em>G</em></span> <span class='ocrx_word' id='word_1_317' title='bbox 472 2575 513 2609; x_wconf 88' lang='grc'>19</span> <span class='ocrx_word' id='word_1_318' title='bbox 545 2574 684 2608; x_wconf 83' lang='lat' dir='ltr'>desinet</span> <span class='ocrx_word' id='word_1_319' title='bbox 715 2573 913 2613; x_wconf 82' lang='lat' dir='ltr'>DEFGP,</span> <span class='ocrx_word' id='word_1_320' title='bbox 957 2572 1062 2606; x_wconf 86' lang='lat' dir='ltr'>desiit</span> <span class='ocrx_word' id='word_1_321' title='bbox 1092 2570 1280 2611; x_wconf 56' lang='grc'>11103011,</span> <span class='ocrx_word' id='word_1_322' title='bbox 1322 2568 1455 2603; x_wconf 90' lang='lat' dir='ltr'>desinit</span> <span class='ocrx_word' id='word_1_323' title='bbox 1484 2569 1563 2603; x_wconf 83' lang='lat' dir='ltr'>rell.</span> 
     </span>
     <span class='ocr_line' id='line_1_36' title="bbox 150 2625 1654 2674; baseline -0.006 -7"><span class='ocrx_word' id='word_1_324' title='bbox 150 2634 198 2669; x_wconf 88' lang='grc'>20</span> <span class='ocrx_word' id='word_1_325' title='bbox 227 2635 364 2667; x_wconf 84' lang='lat' dir='ltr'>starum</span> <span class='ocrx_word' id='word_1_326' title='bbox 396 2632 452 2666; x_wconf 74' lang='grc' dir='ltr'>Ηι</span> <span class='ocrx_word' id='word_1_327' title='bbox 591 2630 937 2674; x_wconf 76' lang='lat' dir='ltr'>incorporaliumqllll</span> <span class='ocrx_word' id='word_1_328' title='bbox 972 2629 1001 2663; x_wconf 80' lang='lat' dir='ltr'><strong><em>S</em></strong></span> <span class='ocrx_word' id='word_1_329' title='bbox 1136 2628 1176 2661; x_wconf 89' lang='grc'>21</span> <span class='ocrx_word' id='word_1_330' title='bbox 1213 2627 1309 2670; x_wconf 86' lang='lat' dir='ltr'>sunt]</span> <span class='ocrx_word' id='word_1_331' title='bbox 1336 2627 1372 2659; x_wconf 74' lang='lat' dir='ltr'>et</span> <span class='ocrx_word' id='word_1_332' title='bbox 1395 2625 1482 2660; x_wconf 79' lang='lat' dir='ltr'>add.</span> <span class='ocrx_word' id='word_1_333' title='bbox 1508 2626 1557 2659; x_wconf 90' lang='lat' dir='ltr'>M</span> <span class='ocrx_word' id='word_1_334' title='bbox 1577 2625 1654 2660; x_wconf 83' lang='lat' dir='ltr'>edi-</span> 
     </span>
     <span class='ocr_line' id='line_1_37' title="bbox 152 2681 1655 2733; baseline -0.007 -8"><span class='ocrx_word' id='word_1_335' title='bbox 152 2693 266 2733; x_wconf 75' lang='lat' dir='ltr'>tores,</span> <span class='ocrx_word' id='word_1_336' title='bbox 307 2691 348 2723; x_wconf 93' lang='lat' dir='ltr'>ut</span> <span class='ocrx_word' id='word_1_337' title='bbox 380 2689 463 2723; x_wconf 80' lang='lat' dir='ltr'>add.</span> <span class='ocrx_word' id='word_1_338' title='bbox 499 2689 679 2723; x_wconf 77' lang='lat' dir='ltr'>Barthius</span> <span class='ocrx_word' id='word_1_339' title='bbox 816 2686 955 2730; x_wconf 87' lang='lat' dir='ltr'>aliquid</span> <span class='ocrx_word' id='word_1_340' title='bbox 993 2685 1097 2720; x_wconf 87' lang='lat' dir='ltr'>GMb</span> <span class='ocrx_word' id='word_1_341' title='bbox 1119 2684 1213 2723; x_wconf 60' lang='lat' dir='ltr'>Seli,</span> <span class='ocrx_word' id='word_1_342' title='bbox 1256 2682 1368 2727; x_wconf 86' lang='lat' dir='ltr'>aliqui</span> <span class='ocrx_word' id='word_1_343' title='bbox 1399 2681 1655 2724; x_wconf 82' lang='lat' dir='ltr'><strong><em>ABCHLRS,</em></strong></span> 
     </span>
     <span class='ocr_line' id='line_1_38' title="bbox 152 2739 1439 2792; baseline -0.007 -10"><span class='ocrx_word' id='word_1_344' title='bbox 152 2747 273 2792; x_wconf 85' lang='lat' dir='ltr'>aliqua</span> <span class='ocrx_word' id='word_1_345' title='bbox 295 2746 412 2782; x_wconf 81' lang='lat' dir='ltr'>DEF</span> <span class='ocrx_word' id='word_1_346' title='bbox 546 2745 591 2780; x_wconf 79' lang='lat'>22</span> <span class='ocrx_word' id='word_1_347' title='bbox 616 2748 830 2779; x_wconf 85' lang='lat' dir='ltr'>ueterascere</span> <span class='ocrx_word' id='word_1_348' title='bbox 854 2743 970 2778; x_wconf 88' lang='lat' dir='ltr'>DEF</span> <span class='ocrx_word' id='word_1_349' title='bbox 984 2742 1064 2777; x_wconf 72' lang='lat' dir='ltr'>Seli.</span> <span class='ocrx_word' id='word_1_350' title='bbox 1203 2740 1247 2775; x_wconf 87' lang='grc'>23</span> <span class='ocrx_word' id='word_1_351' title='bbox 1271 2750 1341 2774; x_wconf 85' lang='grc'>11011</span> <span class='ocrx_word' id='word_1_352' title='bbox 1366 2739 1439 2773; x_wconf 91' lang='lat' dir='ltr'>Mb</span> 
     </span>
    </p>
   </div>
  </div>
 </body>
</html>
