1884 2998
782 100 1008 145 Epistula.
1615 107 1642 149 9

138 225 322 279 aequalis
352 227 562 278 adpareat,
594 227 735 266 contra
766 226 947 266 Arianas
980 237 1141 267 armare
1172 228 1294 279 atque
1315 240 1457 281 regere
1476 230 1641 273 ualeant

139 294 384 348 prauitates.
439 304 535 347 ergo
576 292 737 346 quando
780 295 828 334 de
869 295 1051 335 tractatu
1093 294 1228 336 altiori
1271 297 1446 338 conlatio
1483 300 1557 348 est,
1589 301 1641 341 ad

141 363 404 405 subtiliorem
453 361 714 403 intellectum
754 374 898 403 sensus
944 362 985 402 et
1023 363 1186 403 animus
1227 367 1529 417 praeparandus
1565 371 1640 409 est.

141 431 330 472 nonnulli
363 430 637 473 eruditissimi
668 430 833 482 patrum
865 430 948 472 alia
974 432 1170 472 adserunt
1192 444 1278 472 esse
1302 434 1538 487 inuisibilia,
1561 436 1642 478 alia

111 512 238 540 suero
285 500 533 551 incorporea.
595 499 796 551 quidquid
834 500 1020 539 creatum
1064 501 1139 548 est,
1181 501 1399 541 materiam
1436 502 1565 544 uideri
1601 506 1642 545 et

142 569 289 610 factori
323 580 395 609 suo
429 567 780 619 conprehensibile
813 570 853 607 et
884 579 1122 620 corporeum
1155 581 1238 609 esse
1280 569 1492 611 definiunt.
1545 584 1640 613 nam

142 640 183 678 et
217 636 450 678 animarum
489 637 529 676 et
570 636 809 688 angelorum
843 637 1030 676 naturam
1064 636 1257 677 adserunt
1291 650 1375 679 6336
1408 651 1642 691 corpoream

142 717 215 758 pro
248 717 306 757 eo,
347 706 452 757 quod
485 703 606 744 initio
638 704 1029 744 circumscribantur
1062 709 1102 744 et
1134 706 1280 756 spatio.
1333 718 1427 746 nam
1460 707 1569 749 sicut
1599 710 1641 749 in

144 774 319 826 quodam
372 772 411 814 S.
463 771 706 825 Hieronymi
755 774 937 812 tractatu
989 772 1187 825 legimus:
1240 773 1447 826 globos,
1494 775 1640 829 inquit,

97 843 371 884 insiderum
418 841 731 893 corporatos
783 852 891 880 esse
932 840 1156 893 spiritus
1197 841 1559 891 arbitrantur,
1602 847 1644 885 et

141 912 263 952 item:
305 910 347 951 si
394 909 593 962 angeli,
636 908 787 962 inquit,
830 910 1087 950 caelestia
1127 910 1289 951 etiam
1335 923 1546 964 corpora
1586 913 1644 953 ad

143 979 571 1032 conparationem
623 979 702 1020 dei
746 978 989 1019 inmunda
1037 990 1149 1018 esse
1201 978 1474 1029 dicuntur,
1525 981 1644 1033 quid

143 1051 295 1101 putas
335 1047 481 1088 homo
522 1047 888 1088 aestimandus
930 1048 1039 1087 est?
1080 1046 1151 1087 sed
1193 1048 1298 1088 inter
1339 1047 1439 1089 haec
1475 1048 1566 1089 ideo
1597 1051 1644 1089 tu

142 1117 326 1157 animam
363 1128 491 1169 negas
523 1128 611 1157 esse
634 1127 882 1168 corpoream,
906 1115 1003 1167 quia
1024 1115 1136 1156 iuxta
1156 1115 1389 1168 aliquorum
1410 1116 1644 1169 opinionem

96 1204 128 1228 ιε,
142 1197 215 1226 nec
254 1184 398 1226 localis
440 1184 509 1234 sit,
550 1196 625 1225 nec
657 1184 860 1237 qualitate
900 1185 974 1224 aut
1016 1183 1250 1236 quantitate
1290 1185 1505 1233 subsistat,
1538 1186 1644 1237 quod

143 1254 192 1295 de
230 1253 317 1294 sola
355 1253 420 1295 dei
459 1253 679 1294 maiestate
719 1251 830 1293 credi
870 1251 1015 1293 debere
1048 1251 1314 1293 manifestum
1344 1254 1421 1295 est.
1471 1253 1644 1306 legimus

143 1322 253 1363 enim
301 1322 343 1363 in
390 1322 568 1374 quodam
614 1321 897 1374 receptissimo
943 1323 1110 1375 patrum
1157 1322 1359 1362 tractatu:
1411 1321 1643 1375 ingredi,

142 1390 293 1442 inquit,
318 1391 364 1430 et
394 1389 598 1442 inplere
629 1389 804 1430 omnia
835 1388 936 1430 soli
968 1391 1046 1430 est
1077 1389 1337 1442 possibile
1374 1389 1643 1438 trinitati,

143 1471 272 1512 quae
303 1460 377 1500 sic
408 1460 690 1500 uniuersae
723 1458 1132 1499 intellectualis
1165 1460 1378 1498 naturae
1401 1457 1645 1499 efficitur

93 1527 499 1582 2openetratrix,
530 1528 711 1568 utnon
743 1526 911 1567 solum
951 1526 1323 1579 circumplecti
1355 1537 1459 1566 eam
1491 1527 1645 1579 atque

145 1596 363 1649 ambire,
409 1595 496 1638 sed
544 1596 707 1637 etiam
758 1595 929 1637 inlabi
980 1596 1023 1636 ei
1061 1598 1108 1636 et
1149 1595 1300 1636 uelut
1340 1594 1647 1646 incorporea

144 1667 350 1719 corpori
392 1665 562 1719 possit
603 1664 832 1707 infundi.
894 1665 1025 1706 licet
1066 1665 1201 1706 enim
1242 1662 1645 1716 pronuntiemus

280 1802 301 1836 9
327 1800 472 1835 Hieron.
491 1802 679 1835 comment.
697 1800 733 1834 in
751 1800 832 1835 libr.
851 1799 915 1834 Iob
933 1799 978 1834 25
1098 1798 1137 1833 17
1156 1798 1312 1834 Cassian.
1332 1798 1450 1832 collat.
1467 1796 1538 1832 VII
1559 1797 1601 1831 13

215 1927 233 1960 1
259 1928 424 1971 appareat
449 1925 485 1959 Z
606 1926 764 1960 arrianas
795 1924 908 1966 CMS,
950 1924 1108 1958 arrianos
1133 1923 1164 1964 b,
1204 1922 1332 1957 arrian’
1358 1922 1394 1957 R
1518 1921 1647 1955 armari

145 1982 219 2017 Mb
237 1982 407 2018 Schottus
546 1992 665 2027 regere
699 1983 746 2025 Z,
788 1982 879 2026 erigi
911 1981 987 2016 Mb
1006 1980 1193 2021 Schottus,
1233 1979 1368 2023 erigere
1395 1978 1472 2013 rell.
1497 1977 1646 2017 codices,

145 2041 281 2086 erigere
298 2040 393 2084 exigi
411 2042 456 2085 1³²
586 2040 610 2074 2
634 2039 787 2084 quando]
814 2043 874 2083 qm
898 2038 939 2073 E
1062 2037 1190 2072 altiore
1214 2036 1299 2071 libri
1309 2038 1460 2079 praeter
1483 2034 1560 2068 MZ

144 2098 168 2132 4
193 2097 367 2142 nonnulli]
394 2107 465 2131 non
490 2097 603 2141 aliqui
628 2096 721 2131 nulli
746 2096 820 2132 Mb
942 2095 965 2129 5
989 2095 1138 2129 materia
1163 2093 1198 2127 Z
1215 2092 1384 2129 Canisius
1510 2091 1530 2125 6
1555 2101 1647 2125 com·

144 2153 420 2200 prehensibilem
457 2154 646 2195 Garmias,
696 2151 1038 2197 inconprehensibile
1070 2153 1109 2194 1³²
1246 2150 1487 2193 incorporeum
1511 2150 1558 2192 12²

144 2212 168 2248 8
200 2211 307 2257 quod]
333 2213 369 2246 et
393 2211 479 2247 add.
503 2211 591 2246 libri
618 2214 770 2254 praeter
799 2209 910 2245 CMZ
1045 2206 1356 2243 circumscribatur
1386 2205 1474 2240 libri
1495 2208 1649 2249 praeter

145 2269 255 2304 EFZ
390 2270 412 2303 9
440 2268 569 2312 globus
593 2268 626 2302 Z
765 2267 809 2300 10
832 2267 1037 2310 corporatus
1062 2264 1098 2300 R
1228 2262 1423 2297 arbitratur
1446 2260 1559 2295 BEF

146 2328 190 2362 11
214 2327 324 2361 etiam
349 2336 415 2361 om.
442 2326 475 2360 Z
490 2326 661 2361 Canisius
779 2334 943 2368 corporea
959 2322 995 2358 R
1120 2321 1162 2355 13
1186 2318 1409 2355 extimandus
1427 2318 1489 2359 M,
1525 2317 1648 2352 existi-

145 2383 296 2418 mandus
327 2383 371 2422 C,
413 2382 583 2417 dicendus
608 2380 868 2416 ABEFHRS
989 2381 1043 2413 est
1069 2388 1134 2412 om.
1160 2377 1192 2411 Z
1212 2376 1382 2412 Canisius
1503 2374 1647 2408 interim

146 2464 231 2506 EF,
271 2442 382 2499 inter³
415 2464 488 2498 HS
624 2463 711 2497 haec
749 2473 815 2497 om.
850 2461 933 2495 libri
964 2463 1112 2504 praeter
1149 2457 1283 2493 CMZb
1426 2456 1465 2489 14
1502 2455 1646 2489 aliorum

147 2521 219 2556 HS
356 2522 397 2556 15
424 2520 594 2565 qualitati
619 2518 772 2554 ABEF
908 2516 1219 2552 aut—maiestate
1243 2524 1309 2548 om.
1335 2512 1370 2546 Z
1388 2512 1557 2547 Canisius

147 2601 348 2646 quantitati
373 2600 526 2635 ABEF
647 2598 815 2633 subsistit
840 2598 876 2632 R
999 2596 1041 2630 16
1066 2595 1141 2630 cedi
1166 2594 1205 2628 E
1317 2567 1492 2627 credidssie
1519 2590 1562 2623 H

150 2659 192 2693 17
218 2659 312 2693 enim
329 2668 396 2693 om.
422 2658 489 2692 Ma
615 2657 656 2690 19
682 2656 774 2690 sicut
799 2655 833 2688 Z
849 2654 1020 2690 Cani-sius
1135 2651 1179 2685 20
1204 2660 1243 2684 ea
1267 2646 1559 2684 ABCE¹FH¹R

149 2714 194 2748 22
220 2715 320 2759 licet]
346 2714 402 2748 hic
429 2716 471 2746 sss(
499 2715 594 2757 (erat
620 2717 654 2746 et
680 2712 723 2747 in
747 2713 835 2754 ras.)
862 2711 908 2744 M
