1884 2998
268 146 350 190 156
773 145 1021 181 Claudiani
1045 145 1253 182 Mamerti

267 270 564 314 difficillimum
602 283 778 325 namque
820 273 883 314 est
923 272 1162 326 incorporea
1198 272 1483 327 contemplari,
1516 273 1611 327 quia
1640 273 1766 316 fallax

264 339 378 382 uisus
409 339 684 393 corporalium
706 351 899 380 sensuum
919 340 981 381 ita
1000 341 1168 393 peccato
1191 341 1358 382 oculum
1378 340 1592 384 inbecillae
1612 343 1764 385 mentis

266 407 450 459 obnubit,
495 410 555 459 ut,
597 420 691 450 cum
730 420 773 450 se
813 407 879 449 uel
917 408 1039 450 deum
1086 409 1356 463 contemplari
1386 409 1490 461 uult,
1537 410 1765 464 imaginum

268 489 554 531 corporearum
583 476 772 518 uelamen
803 476 912 529 quod
942 476 1023 519 sibi
1054 478 1311 530 praetexitur
1340 477 1476 519 solum
1496 477 1650 531 uideat,
1674 490 1766 520 cum

265 548 382 587 trans
422 544 529 587 illud
563 546 703 587 uidere
733 556 816 586 non
845 544 990 598 possit.
1043 546 1229 599 quisquis
1261 558 1356 600 ergo
1388 546 1633 588 difficultate
1664 546 1764 588 uisi·
1794 561 1810 587 5

268 615 356 656 onis
388 613 509 655 huius
541 613 773 664 offenditur,
807 613 995 654 studium
1026 614 1149 667 atque
1180 625 1280 667 opus
1311 614 1504 666 insumat,
1529 625 1609 656 non
1630 615 1679 656 ut
1698 627 1764 656 me

264 682 565 725 calumniatum
595 682 676 735 eat,
713 682 785 724 sed
817 684 863 723 ut
892 681 1060 736 purgari
1092 682 1244 724 ualeat.

319 761 408 804 Nec
448 764 589 804 tamen
629 763 793 816 egomet
832 762 892 804 ita
929 775 1022 804 sum
1052 762 1207 805 oblitus
1238 763 1332 813 mei,
1364 764 1411 804 ut
1440 775 1522 805 non
1552 763 1764 816 languoris

267 842 390 884 quam
433 830 628 872 sanitatis
671 831 849 884 amplius
889 831 1026 872 inesse
1067 830 1171 872 mihi
1207 832 1398 873 sentiam.
1447 844 1594 873 uerum
1625 834 1765 873 tamen

262 899 370 941 hanc
398 911 464 941 me
495 899 729 952 opinionem
760 911 842 953 qua
873 911 1023 952 corpus
1055 899 1237 941 creditur
1266 900 1404 941 anima
1425 913 1518 941 cum
1539 900 1765 953 puerilibus
1779 915 1810 940 ιο

264 968 383 1009 annis
408 967 589 1009 euasisse
612 967 805 1021 delectat,
837 968 936 1021 quia
957 970 1070 1019 tunc,
1094 980 1189 1010 cum
1212 968 1425 1022 opinabar,
1448 968 1589 1021 utique
1610 969 1765 1009 nescie-

262 1038 371 1080 bam.
423 1035 582 1090 opinari
613 1038 751 1078 autem
780 1036 1008 1091 ignorantis
1045 1039 1122 1088 est,
1164 1038 1399 1091 ignorantia
1430 1049 1525 1078 uero
1558 1038 1764 1078 contraria

263 1104 476 1147 scientiae:
510 1103 640 1145 nescit
671 1115 764 1157 ergo
791 1103 974 1156 quisquis
996 1103 1199 1156 opinatur.
1247 1103 1344 1144 hinc
1379 1102 1568 1156 equidem
1605 1102 1763 1144 factum

264 1173 338 1225 est,
379 1175 427 1214 ut
466 1172 686 1214 scientiam
725 1183 823 1225 prae
864 1172 1054 1225 opinione
1087 1171 1417 1224 concupiscerem
1448 1172 1578 1213 sciens
1608 1171 1762 1212 nescire

261 1254 345 1295 me,
387 1241 519 1294 quoad
559 1252 689 1294 usque
728 1239 936 1293 opinabar.
987 1242 1035 1280 tu
1075 1241 1215 1281 autem
1251 1239 1364 1291 dicis,
1399 1251 1494 1280 cum
1523 1240 1572 1281 de
1602 1239 1763 1281 animae
1777 1255 1810 1282 15

264 1310 500 1352 substantia
540 1321 797 1362 quaeramus,
840 1308 947 1362 quod
987 1320 1110 1362 supra
1150 1319 1222 1350 nos
1268 1310 1331 1350 est
1375 1308 1492 1350 nobis
1522 1307 1654 1349 uideri
1683 1318 1763 1348 non

262 1390 395 1432 posse,
441 1390 535 1420 cum
580 1389 704 1431 supra
732 1388 805 1418 nos
837 1377 945 1430 ipsos
975 1376 1055 1430 ipsi
1086 1389 1165 1418 non
1199 1376 1343 1428 simus,
1375 1378 1417 1418 et
1447 1376 1551 1417 item
1583 1376 1688 1429 quod
1718 1387 1763 1417 a-

262 1447 403 1502 gnosci
433 1459 548 1502 posse
573 1458 700 1501 negas
731 1445 848 1500 quasi
885 1445 1097 1499 cognitum
1117 1445 1274 1487 iudicas
1297 1446 1560 1498 animamque
1582 1443 1762 1498 corporis

263 1527 409 1569 corpus
447 1527 535 1557 esse
573 1514 802 1557 confirmas.
854 1514 962 1568 quod
1003 1515 1039 1556 si
1078 1514 1213 1556 sciens
1255 1514 1372 1563 diciS‚
1404 1514 1501 1567 quia
1529 1512 1637 1555 falsa
1666 1512 1762 1555 sciri

187 1603 189 1605 ·
261 1585 484 1637 nequeunt,
505 1596 651 1626 uerum
682 1583 784 1626 dicis
807 1584 860 1638 et,
892 1583 927 1624 si
948 1583 1023 1625 hoc
1044 1595 1188 1626 uerum
1210 1582 1325 1636 dicis,
1349 1582 1510 1624 animae
1531 1580 1762 1623 substanti—
1776 1597 1808 1622 20

260 1664 328 1694 am
358 1651 471 1694 nosci
508 1664 590 1695 non
626 1664 745 1705 posse
774 1652 974 1694 mentiris.
1028 1654 1100 1693 aut
1141 1652 1269 1706 igitur
1303 1651 1455 1693 falsum
1487 1651 1549 1692 est
1581 1650 1762 1692 animam

262 1733 408 1774 corpus
448 1733 534 1763 esse
574 1724 647 1763 aut
677 1720 830 1763 falsum
862 1722 924 1763 est
954 1720 1117 1762 animae
1148 1720 1427 1763 substantiam
1460 1718 1650 1771 cognosci
1681 1728 1762 1759 non

260 1801 391 1843 posse.
442 1789 557 1831 uides
589 1801 667 1843 quo
698 1789 897 1843 perducat
927 1789 1063 1843 opinio
1094 1800 1286 1842 sequaces
1316 1787 1417 1830 sui?
1448 1800 1545 1829 nam
1566 1786 1761 1840 quoniam

327 1969 347 2003 1
373 1967 696 2013 difficillimumque
720 1968 809 2011 Mb,
847 1968 1101 2003 difficillimum
1126 1979 1263 2013 quoque
1288 1969 1484 2011 Barthius,
1521 1979 1646 2013 nempe
1670 1967 1761 2002 diffi-

259 2026 434 2061 cillimum
455 2027 498 2070 2⁰²
646 2025 668 2060 2
692 2036 776 2060 usus
804 2025 839 2061 G
983 2026 1047 2071 ita]
1074 2037 1095 2061 a
1118 2026 1202 2061 add.
1228 2027 1248 2061 b
1394 2025 1607 2060 imbecillem
1631 2027 1670 2070 p²

257 2083 280 2118 3
310 2082 497 2118 obnubilat
528 2083 590 2117 M²
618 2083 661 2118 in
684 2093 794 2129 mam.
819 2086 853 2118 et
876 2084 896 2118 b
1035 2084 1115 2118 uult
1139 2084 1188 2118 M
1210 2083 1385 2126 editores,
1427 2083 1523 2117 uolet
1548 2082 1638 2125 rell„
1662 2081 1760 2117 unde

257 2141 420 2176 conicias
436 2140 519 2176 olim
534 2141 591 2176 hic
606 2141 684 2176 uolt
698 2142 875 2185 scriptum
890 2141 1005 2185 fuisse
1125 2142 1149 2176 4
1171 2141 1333 2176 uelaman
1359 2141 1389 2176 S
1500 2150 1569 2185 quo
1595 2140 1670 2175 Mb

256 2221 278 2256 6
300 2221 475 2256 istudium
500 2220 592 2263 HL,
627 2220 828 2276 instudium
855 2221 887 2256 S
1000 2231 1070 2255 non
1096 2222 1138 2255 ut
1162 2222 1229 2266 me]
1253 2203 1299 2256 '1²1'ss
1319 2231 1376 2256 me
1400 2220 1450 2255 M
1469 2222 1555 2264 (non
1578 2228 1758 2264 superscr.

256 2300 354 2325 man.
371 2291 467 2333 rec),
503 2290 545 2324 ut
561 2299 604 2324 ne
622 2290 642 2324 b
756 2300 812 2324 me
830 2299 896 2325 om.
913 2289 1150 2333 ABDEFp²
1169 2289 1248 2325 8οή-
1365 2289 1386 2323 7
1405 2288 1607 2332 calumpnia
1623 2288 1760 2322 tumeat

257 2368 421 2404 DEFM
426 2369 446 2404 b
559 2369 582 2404 8
597 2346 668 2404 liban
686 2369 722 2404 B
835 2370 857 2404 9
874 2370 1087 2404 sententiam
1105 2371 1142 2406 R
1265 2370 1308 2404 10
1323 2369 1482 2404 creditur
1497 2379 1623 2412 corpus
1641 2368 1671 2403 S

258 2425 303 2460 11
336 2425 422 2469 quia
446 2427 530 2460 tunc
554 2425 727 2470 opinabar
752 2426 845 2471 qnod
872 2426 980 2470 (quod
1004 2437 1071 2462 om.
1096 2427 1290 2471 Barthius)
1314 2427 1438 2470 utique
1461 2425 1661 2460 nesciebam
1685 2425 1759 2468 (nec

256 2481 408 2516 sciebam
430 2483 628 2525 Barthius)
649 2493 677 2527 p
700 2482 882 2518 Barthius
1011 2484 1052 2518 12
1076 2484 1288 2529 ignorantis]
1314 2483 1502 2518 nescientis
1528 2483 1618 2525 Mb,
1658 2482 1758 2526 igno-

255 2563 417 2597 rantisllll
442 2563 473 2598 S
598 2563 786 2608 contraria]
812 2563 867 2597 est
891 2562 976 2597 add.
1003 2563 1082 2600 Sch.
1217 2564 1259 2598 13
1283 2545 1341 2598 hinc
1367 2563 1396 2598 S
1523 2563 1568 2598 14
1592 2561 1758 2597 scientiae

255 2621 329 2656 Mb
454 2621 497 2655 16
521 2630 750 2665 quaeraemus
774 2620 827 2663 B,
866 2621 1067 2664 quaerimus
1092 2620 1173 2656 Seh.
1290 2620 1333 2655 17
1357 2620 1414 2654 ide
1438 2619 1474 2655 L
1587 2620 1631 2654 18
1655 2618 1758 2663 quasi

255 2689 346 2732 AR,
386 2688 526 2733 quamsi
555 2689 613 2731 H,
654 2683 733 2733 qui
766 2688 847 2732 BF,
880 2677 1001 2743 quasi}
1034 2688 1065 2723 S
1198 2688 1379 2733 cognitam
1412 2688 1448 2722 A
1588 2686 1634 2723 19
1669 2687 1756 2721 scire

253 2759 289 2791 A
425 2738 478 2792 22'
494 2757 640 2802 agnosci
663 2757 732 2793 Ls
864 2757 909 2792 23
933 2756 1112 2802 quoniam]
1140 2755 1233 2801 quod
1256 2755 1410 2791 BDEF
