1884 2998
561 86 619 121 De
642 87 771 124 statu
795 89 970 125 animae
994 91 1230 135 praefatio.
1592 96 1646 140 19

145 213 281 256 multa
317 212 461 255 exinde
503 213 690 255 deriuare
728 213 893 266 poterit,
932 226 1036 267 quae
1074 216 1151 256 etsi
1181 217 1367 271 angustis
1407 221 1642 268 emanantia

144 281 307 324 uenulis
335 282 391 326 ,in
433 292 604 336 magnos
644 282 783 323 tamen
819 294 962 323 amnes
1000 282 1182 336 longiore
1220 296 1414 336 procursu
1446 287 1644 330 exubera-

146 354 264 394 bunt.
296 362 369 404 ego
392 361 488 391 uero
515 350 556 390 et
586 348 804 391 fraudatus
835 349 1030 403 temporis
1062 355 1103 391 et
1134 353 1353 404 occupatus
1382 355 1509 397 animi
1541 356 1644 398 satis

145 419 286 470 habui,
339 419 542 472 quantum
590 419 642 459 ad
691 417 846 472 negotii
896 419 1264 470 praeeminentiam
1306 423 1477 474 spectat,
1519 436 1641 477 quam

115 487 396 531 ssuccinctim
429 488 550 540 atque
582 486 644 527 uti
676 487 806 541 digito
837 488 905 528 uel
926 488 1118 529 denotare
1148 488 1318 530 uitanda
1347 491 1412 531 uel
1434 493 1644 534 ostendere

147 557 363 610 sequenda.
416 568 512 598 sane
558 555 799 608 opusculum
847 556 951 597 illud
996 556 1082 598 sine
1129 559 1291 599 auctore
1345 559 1553 611 proditum
1601 562 1642 602 et

148 636 437 678 usquequaque
468 623 800 676 proquiritatum,
834 625 921 664 toto
954 624 1116 677 agmine
1156 625 1220 666 sui
1261 626 1303 666 in
1334 626 1420 668 acie
1453 628 1643 670 eductum

146 696 187 735 et
224 694 411 735 conserta
451 692 569 735 nobis
611 704 738 733 manu
779 704 1044 745 congressum
1080 692 1277 735 uiceritne
1316 696 1546 744 cesseritne‚
1585 699 1644 745 tu,

145 761 361 815 potissime
392 762 654 812 disertorum,
687 761 791 802 ferto
823 761 1086 803 sententiam.

100 860 132 884 ιο
204 842 281 884 Sed
300 844 346 884 ut
363 842 536 895 quisque
553 842 735 883 lecturus
753 854 774 882 e
791 841 975 894 praefato
994 842 1192 895 percipiat
1213 843 1300 884 stili
1322 844 1452 886 nostri
1473 846 1644 886 seriem:

145 911 304 965 primus
345 911 452 953 liber
489 911 533 952 in
573 911 636 952 sui
679 910 905 963 primordio
937 910 1119 953 breuiter
1150 911 1329 953 adstruit
1359 913 1641 966 inpassibilem

146 980 413 1022 diuinitatem
444 980 550 1022 nulli
580 992 746 1034 prorsus
785 979 966 1021 adfectui
997 979 1222 1022 subiacere.
1275 983 1366 1035 post
1401 982 1450 1022 de
1481 982 1643 1023 animae

144 1050 254 1091 statu
289 1049 452 1091 uarium
483 1062 577 1091 cum
599 1048 835 1090 aduersario
860 1049 1073 1090 luctamen
1094 1048 1284 1091 alternat.
1327 1049 1474 1092 abhinc
1496 1049 1642 1091 itidem

144 1119 194 1159 ad
226 1118 498 1160 erudiendum
534 1117 576 1159 in
609 1130 655 1158 ea
686 1129 790 1170 quae
821 1120 920 1158 sunt
951 1117 1190 1159 obscuriora
1210 1118 1407 1160 lectorem
1430 1117 1641 1171 quippiam

99 1204 131 1228 15
146 1200 191 1227 ex
232 1186 496 1240 geometricis
537 1187 579 1227 et
621 1185 899 1227 arithmeticis
943 1186 1067 1239 atque
1106 1186 1233 1227 etiam
1265 1198 1311 1227 ex
1342 1186 1570 1228 dialecticis
1602 1190 1642 1226 et

145 1254 368 1306 nonnullis,
391 1256 512 1308 prout
533 1254 725 1297 interfuit
744 1255 852 1305 usui,
875 1253 1271 1307 philosophomenon
1288 1254 1442 1307 regulis
1461 1255 1642 1296 modeste

145 1336 191 1364 ac
221 1325 430 1366 moderate
468 1326 509 1364 et
539 1336 663 1377 quam
694 1323 832 1376 potuit
861 1323 1041 1376 parciter
1072 1322 1321 1375 praelibauit
1352 1322 1494 1364 habita
1525 1323 1640 1364 iden-

145 1391 275 1433 tidem
307 1404 401 1433 cum
434 1391 605 1434 aduersa
635 1394 751 1445 parte
783 1392 1081 1445 congressione,
1119 1391 1256 1445 sicque
1288 1390 1458 1433 adiectis
1490 1391 1641 1432 nostris

145 1461 302 1513 aliquot
352 1462 438 1502 sine
482 1460 713 1502 alienorum
759 1461 1106 1513 interpolamento
1151 1459 1273 1502 finem
1320 1459 1424 1501 liber
1470 1460 1642 1513 accepit.

212 1655 231 1688 1
263 1654 387 1689 exinde
417 1655 516 1696 DM,
558 1655 683 1690 exhinc
713 1655 790 1690 rell.
930 1655 952 1689 2
981 1655 1112 1699 amnes]
1138 1665 1203 1690 om.
1230 1655 1298 1696 M¹‚
1340 1643 1414 1689 offis
1443 1654 1487 1695 G,
1527 1664 1646 1688 omnes

142 1711 179 1747 R
295 1711 488 1756 longiorem
506 1712 561 1754 R,
598 1712 749 1757 largiore
765 1714 806 1756 p²
921 1713 942 1747 3
968 1714 1124 1756 tempore
1151 1712 1224 1746 Mb
1341 1712 1456 1746 animo
1481 1712 1553 1745 Mb

143 1780 212 1803 non
250 1773 335 1804 ante
373 1769 462 1804 satis
498 1769 602 1804 addit
635 1770 654 1804 b
792 1771 814 1804 4
851 1769 1120 1813 prominentiam
1158 1768 1305 1803 BHRS
1438 1770 1573 1812 spectat
1600 1768 1644 1809 G,

143 1828 300 1870 espectat
324 1826 384 1868 M,
425 1827 587 1871 llspectat
612 1827 664 1869 B,
706 1829 866 1871 expectat
889 1827 966 1861 rell.
993 1838 1073 1861 cum
1099 1827 1170 1861 PT
1306 1825 1422 1869 quam]
1453 1836 1531 1859 cum
1556 1824 1644 1859 AB·

143 1883 332 1926 EFHRS,
361 1885 440 1918 tum
455 1883 504 1925 D,
533 1894 656 1919 uocem
672 1883 740 1920 del.
760 1884 811 1918 Β3
944 1884 964 1917 5
982 1883 1050 1928 uti]
1069 1883 1182 1917 ueluti
1199 1882 1341 1917 mauult
1359 1882 1551 1916 Hartelius

144 1941 164 1974 7
189 1941 464 1986 perquiritatum
484 1951 512 1985 p
635 1942 712 1975 tota
737 1941 773 1976 R
902 1941 958 1974 sui
978 1944 1060 1984 post
1086 1939 1157 1974 acie
1181 1939 1353 1974 collocant
1376 1938 1448 1973 HS
1570 1938 1644 1980 atie

143 1997 188 2041 R,
213 1998 323 2032 aciem
346 1998 517 2033 Galland.
632 1998 818 2033 aeductum
837 1998 905 2034 RS
1017 1998 1039 2031 8
1056 1997 1236 2031 nobiscum
1254 1996 1406 2030 editores
1522 1994 1642 2039 manu]

143 2066 313 2100 magnum
339 2056 386 2090 M
500 2056 648 2091 uiceritll
678 2056 708 2092 Ο
844 2055 1030 2090 cesseritue
1056 2054 1137 2090 Βοὴ.
1275 2064 1319 2088 an
1344 2057 1431 2087 ante
1454 2052 1644 2088 cesseritne

143 2112 228 2147 add.
259 2112 292 2148 G
413 2114 468 2158 tu]
493 2115 594 2148 tuam
618 2113 654 2148 Β
779 2114 800 2147 9
824 2115 859 2147 et
884 2113 1115 2147 dissertorum
1140 2111 1194 2153 B,
1235 2110 1462 2144 dissertorum
1487 2109 1554 2145 RS

143 2171 242 2203 uerto
267 2169 374 2211 B¹R‚
417 2173 559 2215 expecto
591 2170 643 2204 Β3
667 2171 708 2205 in
732 2181 860 2215 mam„
902 2171 998 2203 uerte
1030 2168 1102 2203 HS
1236 2167 1280 2202 10
1304 2178 1320 2201 e
1344 2166 1503 2211 praefato
1528 2166 1643 2206 HM2,

142 2237 161 2261 e
192 2228 332 2271 priuato
371 2227 441 2271 M¹‚
488 2228 646 2272 praefato
683 2226 869 2270 ABGRS,
918 2225 1081 2270 praefatu
1119 2225 1163 2267 G,
1204 2224 1457 2269 praefationem
1494 2222 1646 2257 DEFP

144 2289 240 2332 Sch„
281 2300 299 2324 e
332 2290 550 2335 praefatione
584 2290 620 2333 b,
668 2290 818 2334 praefati
850 2289 1042 2323 Hom-telius
1074 2287 1207 2332 (iunqit
1238 2296 1316 2320 cum
1349 2285 1425 2318 stili
1449 2298 1494 2314 =
1516 2283 1642 2328 operis,

142 2369 190 2412 cf.
205 2380 291 2416 pay.
308 2372 367 2414 26,
385 2373 444 2413 10)
561 2370 731 2415 precipiat
756 2369 869 2411 BCR,
888 2369 940 2403 A²
964 2369 1004 2402 in
1021 2378 1129 2413 nzary.
1245 2366 1328 2400 stilo
1354 2365 1389 2400 R
1503 2341 1643 2398 seniten-

142 2435 232 2468 tiam
257 2433 288 2469 S
408 2434 450 2468 11
476 2444 538 2468 suo
565 2433 599 2468 G
714 2431 959 2476 inpossibilem
984 2430 1021 2465 R
1146 2429 1187 2465 13
1211 2427 1350 2472 abhinc]
1377 2426 1422 2461 ad
1445 2426 1535 2461 hanc
1558 2426 1644 2461 libri

138 2501 289 2542 praeter
318 2497 447 2534 ΟΘΜ2
580 2497 622 2531 14
647 2495 849 2531 obscuriosa
873 2494 909 2529 R
1039 2493 1079 2528 16
1105 2502 1176 2537 pro
1200 2489 1521 2525 nonnullis—usui
1546 2489 1642 2523 Bar-

142 2579 239 2613 thius
265 2578 432 2613 coniecit:
473 2575 849 2611 nonnihil—musicae
987 2571 1123 2607 filosofe
1148 2581 1202 2605 me
1227 2575 1272 2604 no
1298 2569 1359 2610 M,
1402 2567 1641 2612 philosophiae

143 2651 205 2676 nec
229 2651 298 2675 non
322 2641 343 2676 b
482 2640 524 2675 18
555 2639 703 2674 aduersa
731 2637 790 2679 M,
831 2636 971 2671 diuersa
995 2635 1070 2669 rell.
1216 2633 1258 2667 18
1282 2632 1480 2676 congressio
1505 2629 1642 2664 codices

142 2707 265 2732 onmes
404 2697 446 2732 19
471 2695 615 2741 aliquod
640 2694 836 2736 ABCGR,
878 2693 997 2737 aliquo
1022 2691 1064 2732 S,
1105 2690 1246 2734 aliquos(
1271 2689 1315 2723 H

1460 2754 1505 2788 2*
