1884 2998
1598 103 1647 132 111

216 206 349 249 Codex
379 206 592 248 Parisinus
623 207 694 249 lat.
725 221 786 250 nr.
821 208 958 251 18080
992 208 1107 262 (olim
1138 209 1181 250 ἴς.
1206 210 1397 252 Martini
1427 225 1454 252 α
1489 215 1647 265 campis
1671 216 1697 256 F

161 275 325 317 ordinis
362 269 690 330 Olmiiaccnsis')
719 275 762 316 in
784 274 830 317 8⁰
869 278 1095 319 membran.
1139 277 1226 319 foll.
1250 277 1300 319 81
1324 290 1429 321 saec.
1451 279 1534 321 XII
1555 293 1649 322 con-

162 344 269 386 tinet
299 356 322 384 a
352 343 421 387 fol.
457 343 524 385 10r
552 355 682 397 usque
713 344 765 385 ad
796 343 866 385 fol.
899 344 969 387 40r
1000 343 1215 386 Claudiani
1245 345 1438 388 Mamerti
1469 347 1517 389 de
1540 350 1649 389 statu

166 412 327 454 animae
357 411 482 452 libros
508 413 646 453 eodem
678 411 821 464 utique
843 412 982 454 ordine
1005 424 1083 465 quo
1103 413 1136 453 E
1158 412 1353 467 digestos,
1377 426 1468 456 cum
1493 416 1651 469 capitu-

162 481 296 523 lorum
325 478 715 533 praescriptionibus
746 492 871 534 aeque
903 492 950 522 ac
982 480 1017 521 D
1050 481 1199 522 careat.

217 582 349 624 Codex
380 581 708 623 Vindobonensis
738 595 798 622 nr.
833 582 944 624 1030
986 583 1142 635 (Theol.
1173 582 1270 635 417,
1311 584 1409 625 olim
1446 585 1542 639 1873
1574 586 1652 626 fuit
1674 588 1706 629 G

161 651 260 693 olim
291 649 534 691 monasterii
556 662 587 690 s.
613 649 812 704 Floriani)
846 650 1073 692 miscellan.
1095 663 1199 693 saec.
1221 651 1461 693 XI-Xlll
1482 653 1652 694 membr.

161 720 316 761 formae
347 718 572 771 quadratae
604 717 796 759 foliorum
830 719 911 760 175
941 719 1123 760 continet
1161 720 1256 760 inde
1287 732 1311 761 a
1341 720 1410 762 fol.
1441 719 1654 762 31¹—99¹¹

162 787 436 830 Claudianum
475 786 730 827 Mamertum
774 788 894 839 (saec.
926 786 987 827 XI
1018 786 1173 840 incip).
1207 788 1354 828 desunt
1384 788 1655 840 capitulorum

165 856 285 898 index
315 851 356 896 et
387 854 570 907 epistula
601 854 760 896 Fausti.
807 854 1022 897 Claudiani
1053 867 1151 907 opus
1182 855 1222 896 in
1267 856 1448 908 capitula
1478 856 1655 897 diuisum

167 936 248 967 non
298 924 379 974 est,
439 923 591 975 quippe
641 934 814 976 quorum
865 935 939 964 nec
988 922 1326 976 praescriptiones
1375 937 1448 965 nec
1496 925 1656 966 numeri

165 993 397 1046 appareant.

220 1094 352 1137 Codex
400 1092 666 1135 Einsidlensis
712 1105 773 1136 nr.
820 1092 903 1134 318
954 1092 1183 1135 membran.
1234 1093 1277 1134 in
1321 1093 1368 1134 4⁰
1410 1094 1717 1147 paginarumH

167 1164 248 1206 173
279 1163 589 1205 numeratarum
620 1174 723 1204 saec.
754 1162 794 1204 X
825 1161 1128 1215 elegantissime
1159 1162 1336 1215 scriptus
1368 1163 1519 1213 eadem,
1559 1174 1658 1214 quae

164 1232 287 1276 codex
316 1232 364 1285 B,
398 1232 439 1273 et
470 1232 611 1273 eodem
643 1231 782 1273 ordine
816 1231 972 1285 digesta
1004 1231 1201 1272 continet.

223 1346 357 1390 Codex
388 1345 671 1400 Sangallensis
703 1358 765 1388 nr.
798 1345 879 1388 846
910 1344 1139 1387 membran.
1171 1344 1214 1386 iu
1243 1344 1289 1386 4⁰
1310 1344 1552 1399 paginarum
1577 1344 1656 1384 142
1678 1344 1708 1384 L

166 1428 271 1458 saec.
310 1416 349 1458 X
389 1415 522 1456 nitide
562 1413 742 1468 scriptus
783 1413 929 1467 incipit
970 1427 993 1455 a
1029 1413 1165 1455 uerbis
1203 1412 1421 1455 Claudiani
1460 1413 1508 1453 de
1547 1413 1659 1453 statu

167 1485 328 1529 animae
376 1484 470 1526 libri
511 1486 532 1524 I
577 1495 662 1537 cap.
703 1483 725 1524 I
771 1485 895 1524 extr.:
945 1482 1170 1534 inspfflcere
1206 1481 1339 1534 plane
1383 1493 1469 1521 non
1514 1480 1658 1529 abnui,

168 1566 269 1608 quae
301 1553 552 1595 antecedunt
581 1551 883 1593 interciderunt
912 1551 1092 1603 itemque
1122 1550 1284 1599 folium,
1310 1551 1413 1602 quod
1436 1552 1525 1590 erat
1555 1549 1661 1590 inter

169 1622 365 1677 paginam
395 1622 451 1663 40
472 1622 512 1662 et
542 1619 595 1662 41
632 1619 696 1673 (cf.
729 1619 827 1662 edit.
858 1631 952 1673 pag.
988 1619 1054 1669 67,
1090 1617 1290 1672 18—72,
1323 1617 1382 1671 1).
1413 1616 1503 1658 inde
1525 1629 1547 1657 a
1568 1628 1659 1669 pag.

170 1691 248 1734 107
288 1690 480 1732 foliorum
518 1688 732 1730 inferiores
763 1688 898 1742 partes
931 1687 1121 1728 sinistrae
1155 1686 1358 1728 abscissae
1390 1686 1498 1734 sunt,
1539 1697 1658 1738 quam

167 1761 217 1802 ad
261 1771 349 1800 rem
394 1757 499 1799 illud
531 1754 590 1798 ‘L
626 1755 750 1799 deest'
794 1757 837 1798 in
882 1755 1142 1798 adnotatione
1188 1754 1331 1796 critica
1375 1754 1514 1795 nostra
1558 1752 1660 1793 refe-

166 1828 340 1870 rendum
371 1829 445 1868 est.

226 1929 359 1972 Codex
390 1928 666 1971 bibliothecae
697 1926 980 1969 uniuersitatis
1002 1925 1227 1978 Lipsiensis
1249 1937 1309 1966 nr.
1332 1924 1414 1966 286
1436 1923 1658 1964 membran.
1681 1920 1724 1960 M

172 1999 217 2040 in
255 1997 300 2040 8⁰
330 1998 524 2039 foliorum
563 1998 614 2038 77
647 2009 752 2039 saec.
785 1995 846 2037 XI
878 1996 1049 2036 exeunte
1089 1995 1275 2035 exaratus
1314 1992 1419 2033 hanc
1457 1992 1579 2033 habet
1618 1991 1661 2031 in

170 2068 240 2110 fol.
271 2066 317 2108 2¹¹
357 2069 520 2108 notam:
566 2065 669 2107 liber
706 2064 862 2107 cenobii
899 2063 1051 2105 ueteris
1090 2061 1212 2103 cellae
1248 2060 1428 2113 reposita
1459 2059 1575 2114 (sicl)
1608 2057 1663 2099 ad

171 2146 454 2189 bibliothecam
500 2144 716 2198 publicam
761 2157 874 2186 anno
921 2129 996 2184 offe
1040 2141 1191 2183 salutis
1230 2142 1431 2183 1-7-0·0.
1482 2138 1663 2180 continet

171 2216 275 2258 liber
323 2215 488 2269 praeter
539 2226 598 2265 ea,
649 2225 752 2267 quae
801 2213 844 2253 in
891 2212 1027 2253 ΑΒΗ
1078 2210 1247 2259 exstant,
1299 2208 1405 2251 solus
1446 2207 1663 2261 epistulam

173 2283 387 2326 Claudiani
426 2282 623 2324 Mamerti
661 2281 712 2323 ad
752 2280 975 2328 Sidonium,
1016 2291 1118 2331 quae
1157 2277 1306 2330 epilogi
1345 2276 1433 2317 uice
1465 2274 1583 2316 libris
1615 2276 1662 2316 de

170 2353 283 2395 statu
314 2351 474 2394 animae
506 2350 665 2392 adiecta
698 2350 760 2391 est
799 2348 867 2401 (cf.
902 2348 1001 2389 edit.
1033 2358 1127 2401 pag.
1167 2345 1242 2386 191
1277 2345 1396 2397 sqq).
1429 2355 1499 2396 per
1529 2344 1662 2383 totum

172 2421 350 2463 codicem
387 2420 546 2474 glossae
587 2419 697 2460 inter
742 2418 873 2459 lineas
915 2415 1103 2469 scriptae,
1150 2413 1297 2467 quibus
1329 2411 1512 2465 singulae
1543 2422 1661 2451 uoces

172 2489 440 2543 explicantur,
487 2488 762 2542 reperiuntur.
809 2487 858 2527 ab
899 2485 1038 2526 eadem
1079 2496 1204 2525 manu
1243 2482 1340 2523 satis
1380 2480 1560 2532 antiqua,
1599 2477 1661 2518 cui

174 2557 331 2611 glossae
376 2558 587 2607 debentur,
633 2555 677 2597 in
716 2554 901 2609 margine
941 2552 1124 2594 adiectae
1165 2553 1260 2592 suut
1291 2548 1425 2590 uariae
1465 2547 1658 2588 lectiones

172 2625 334 2668 lineolis
355 2625 491 2668 rubris
514 2623 807 2666 circumductis
831 2621 1066 2674 insignitae.
1101 2618 1369 2672 capitulorum
1394 2612 1659 2669 praescripti-

173 2706 270 2736 ones
300 2694 345 2735 in
375 2694 463 2747 ipso
495 2694 688 2734 contextu
717 2689 921 2742 leguntur.

1480 2758 1527 2792 a*
