1884 2998
278 119 358 163 196
788 117 1034 153 Claudiani
1060 117 1266 153 Mamerti

271 256 481 287 summum
518 243 683 298 bonum,
725 256 750 286 a
797 256 876 297 quo
915 243 1026 286 facta
1063 246 1159 286 sunt
1196 245 1334 287 omnia
1373 255 1588 298 corporum
1629 256 1778 299 genera

272 314 392 362 bona,
422 312 560 366 ipsum
591 310 643 367 <a
667 311 772 368 quo>
806 311 1070 354 rationalium
1101 325 1252 367 magna
1283 314 1406 355 bona:
1451 312 1637 366 relinque
1670 313 1775 355 bona

271 382 313 421 et
353 391 504 433 magna
541 378 652 422 bona
689 381 729 422 et
768 392 979 422 summum
1014 381 1168 423 bonum
1198 392 1292 422 ama
1322 379 1576 434 simplexque
1605 379 1775 431 bonum,

270 448 313 490 id
353 448 414 490 est
450 449 569 502 pater
608 450 651 491 et
689 448 799 491 filius
841 449 883 490 et
914 449 1086 502 spiritus
1126 449 1307 500 sanctus,
1339 448 1506 490 trinitas
1535 448 1637 491 haec
1667 461 1776 491 unus

270 516 384 559 deus.
429 517 470 559 et
499 519 639 559 tamen
669 517 729 559 sic
758 517 1015 571 diligendum
1047 519 1111 559 est
1142 529 1287 572 corpus
1319 517 1392 559 aut
1412 517 1598 571 spiritus,
1630 529 1775 560 secun·
1806 532 1824 558 5

271 586 372 628 dum
402 586 512 639 quod
542 585 756 641 diligenda
786 588 898 635 sunt,
931 586 1038 628 sicut
1068 585 1237 640 quidam
1268 585 1550 628 nobilissimus
1575 587 1778 628 tractator

269 656 506 697 sanctarum
527 654 825 707 scripturarum
847 653 970 696 dixit:
998 654 1250 707 quattuor
1273 666 1434 708 pones
1460 653 1776 697 dilectionis

269 723 508 778 regulas,
560 723 693 777 quod
741 735 896 776 supra
944 735 1055 777 nos,
1106 722 1236 777 quod
1284 722 1431 765 iuxta
1479 735 1591 775 neS‚
1642 723 1779 776 quod

269 803 377 844 nos,
412 791 544 846 quod
574 791 713 833 infra
743 804 844 834 nos.
887 791 1111 845 diligamus
1133 804 1228 846 ergo
1247 791 1354 834 illud
1376 804 1586 834 summum
1607 791 1776 843 bonum,

271 858 381 914 quod
425 871 552 913 supra
590 871 663 901 nos
704 859 768 901 est
804 870 885 901 non
915 859 1004 901 loco
1035 859 1204 910 ordinis,
1237 860 1308 901 sed
1339 861 1523 912 naturae,
1571 860 1668 913 quia
1697 871 1825 902 non1o

268 927 406 982 potest
435 928 653 982 coaequari
685 928 875 970 creatura
913 928 1099 970 creatori.
1150 928 1261 970 solus
1292 929 1403 970 enlm
1433 928 1543 970 filius
1574 940 1776 983 coaequa-

269 998 339 1038 tur
367 996 489 1050 patri‚
521 996 715 1038 similiter
736 998 778 1039 et
798 996 968 1050 spiritus
998 997 1179 1048 sanctus,
1211 996 1309 1051 quia
1329 1009 1410 1039 non
1441 999 1537 1039 sunt
1569 999 1774 1051 creatura,

269 1064 342 1107 sed
372 1064 482 1107 inter
512 1077 578 1107 eos
609 1077 694 1107 una
722 1067 884 1108 natura.

324 1187 462 1239 Haec,
508 1201 611 1242 quae
655 1189 774 1232 breui
814 1201 1002 1232 sermone
1042 1188 1316 1244 digessimus,
1357 1190 1573 1244 subposita
1612 1190 1778 1245 pictura

269 1257 526 1301 demonstrat
538 1273 548 1301 :
1791 1275 1824 1302 15

686 1522 879 1563 mouetur
909 1519 998 1562 sine
1028 1523 1213 1574 tempore
1245 1521 1287 1562 et
1317 1521 1420 1563 loco.

686 1451 895 1482 summum
934 1439 1089 1482 bonum
1119 1440 1208 1482 sine
1240 1440 1457 1494 qualitate.

489 1508 601 1550 Deus
633 1440 656 1643 ί

686 1599 846 1642 iudicat
878 1599 920 1642 et
949 1612 1031 1642 non
1060 1598 1284 1644 iudicatur.

684 1793 888 1836 magnum
918 1781 1074 1824 bonum
1104 1794 1199 1824 cum
1229 1783 1446 1836 qualitate.

423 1847 603 1903 spiritus
632 1781 655 1983 ἶ
685 1863 877 1904 mouetur
905 1861 950 1904 in
980 1864 1170 1916 tempore
1200 1862 1288 1905 sine
1318 1864 1421 1907 loco.
1789 1885 1823 1912 20

685 1940 843 1983 iudicat
874 1941 915 1983 et
943 1941 1162 1984 iudicatur.

686 2121 839 2163 bonum
874 2134 967 2164 cum
997 2122 1200 2176 qualitate
1232 2127 1273 2165 et
1304 2124 1553 2177 quantitate.

448 2185 602 2243 COI'PUS
633 2121 657 2324 ξ
686 2202 878 2244 mouetur
908 2203 1097 2245 localiter
1128 2204 1168 2245 et
1199 2204 1497 2258 temporaliter.

686 2293 761 2323 nec
792 2281 951 2325 iudicat
981 2285 1023 2325 et
1053 2283 1274 2327 iudicatur.

338 2493 361 2527 2
389 2503 410 2527 a
434 2503 503 2538 quo
528 2494 678 2538 addidi,
714 2506 782 2531 om.
806 2496 855 2531 M
989 2497 1159 2543 relinque]
1185 2509 1222 2534 re
1246 2499 1371 2543 utique
1395 2500 1553 2537 editores
1690 2503 1712 2538 3
1737 2506 1773 2538 et

269 2576 358 2608 ante
383 2584 561 2609 summum
593 2585 660 2610 om.
688 2576 864 2615 Galland.
1002 2579 1022 2613 5
1055 2579 1133 2623 aut]
1168 2580 1205 2614 et
1235 2579 1391 2615 editores
1527 2583 1548 2617 9
1579 2583 1674 2628 ergo]
1708 2574 1773 2620 nos

270 2654 357 2690 add.
393 2654 443 2689 M
576 2657 620 2691 14
654 2657 770 2703 figura
806 2658 962 2694 editores
1102 2660 1146 2696 15
1177 2659 1412 2707 demonstrat]
1443 2673 1536 2708 quae
1564 2634 1772 2709 sequane-dr

268 2723 333 2758 hoc
356 2722 461 2758 modo
484 2724 527 2759 in
550 2724 600 2759 M
618 2726 758 2762 tradita
781 2731 884 2762 sunt:
