1884 2998
559 124 618 159 De
643 125 769 158 statu
798 123 972 159 animae
1003 124 1042 159 II
1067 124 1121 159 12.
1510 124 1589 166 143

90 261 256 303 corpore
303 248 527 291 Corinthiis
557 251 598 290 te
629 249 739 291 dicas
773 248 998 300 absentem,
1032 261 1078 291 eo
1109 248 1302 292 uidelicet
1331 250 1430 292 ferri
1460 252 1588 305 poteS,

89 317 186 372 quia
215 318 332 360 totus
364 318 406 359 in
438 317 632 360 uniuerso
662 319 734 359 tuo
756 328 970 370 corporeus
993 330 1048 368 es,
1078 330 1223 359 uerum
1246 318 1351 372 quod
1373 330 1589 372 corporeus

88 386 200 428 totus
233 388 273 427 et
303 399 375 440 per
407 386 482 428 hoc
514 386 610 440 quia
636 385 784 428 absens
815 397 979 439 corpore
1007 385 1154 428 absens
1185 387 1312 436 totus,
1345 387 1482 429 nescio
1510 399 1588 440 quo

87 454 165 506 tui,
198 466 275 508 quo
307 455 394 496 non
420 468 474 506 es,
508 456 648 497 adesse
680 456 721 496 te
752 454 878 496 dicis:
922 457 994 496 aut
1024 454 1228 496 mendacii
1259 456 1299 496 te
1331 456 1469 509 arguis
1516 458 1590 497 aut

60 523 321 576 scorporales
368 524 466 565 istos
511 526 560 566 de
606 524 768 566 animae
811 523 1148 577 incorporalitate
1199 523 1424 565 conuincis.
1477 524 1590 566 estne

88 591 245 644 aliquid
276 591 373 634 istic
404 604 616 646 creperum
647 594 721 633 aut
751 591 940 633 fortassis
972 591 1206 646 obscurum,
1229 592 1365 646 quiin
1385 594 1587 645 quantum

89 672 303 713 corporeus
349 661 413 702 est
457 662 601 703 absens
649 659 878 702 Corinthiis
924 661 986 701 est
1026 662 1099 702 aut
1144 660 1258 702 nullo
1304 660 1368 702 sui
1414 661 1488 701 aut
1517 672 1591 713 per

87 727 379 781 incorporeum
410 740 602 781 praesens
636 727 730 770 est?
760 727 1022 781 incorporeus
1044 739 1139 781 ergo
1163 729 1226 770 est
1247 727 1419 783 spiritus
1441 728 1589 770 huma-

87 809 177 846 nus,
223 809 295 850 per
339 809 461 850 quem
505 796 661 837 Paulus
708 796 919 849 apostolus
966 796 1114 837 absens
1158 796 1245 839 toto
1292 808 1484 849 corporeo
1526 796 1591 838 sui

44 883 77 908 10
89 864 311 907 Corinthiis
356 864 494 919 potuit
538 863 808 918 praesentari.
859 864 958 906 haec
1005 865 1047 906 et
1077 864 1180 906 talia
1225 877 1271 906 ex
1307 865 1420 906 omni
1464 864 1591 906 ferme

89 933 419 976 authenticorum
449 933 709 975 uoluminum
730 945 896 987 corpore
926 933 1146 975 innumera
1167 933 1347 987 proferre
1368 945 1592 987 possemus.

784 1124 893 1178 XII.

88 1254 149 1283 DE
179 1251 238 1282 EO
269 1251 393 1290 QVOD
414 1251 673 1283 APOSTOLVS
694 1252 879 1282 RAPTVM
900 1251 950 1282 SE
972 1251 1117 1290 VSQVE
1142 1252 1205 1282 AD
1236 1251 1438 1282 TERTIVM
1468 1251 1593 1283 DICIT

744 1319 941 1351 CAELVM.

43 1430 75 1457 15
145 1412 253 1454 Sana
298 1411 449 1464 quippe
494 1410 724 1453 catholicae
770 1410 866 1452 fidei
906 1410 1096 1452 doctrina
1134 1409 1197 1451 ita
1238 1412 1358 1452 tenus
1397 1409 1590 1453 intersito

87 1482 217 1535 gradu
247 1480 298 1522 ab
330 1479 427 1522 imis
459 1479 511 1521 ad
549 1479 699 1530 media,
730 1491 754 1520 a
784 1478 929 1521 mediis
971 1478 1022 1520 ad
1058 1490 1222 1520 summa
1264 1478 1513 1530 conscendit,
1543 1478 1591 1521 ut

88 1552 178 1592 rato
207 1548 358 1592 iudicio
390 1561 624 1603 corpoream
646 1549 880 1591 creaturam
900 1548 1151 1601 incorporali
1173 1549 1386 1589 creaturae
1407 1546 1588 1590 subdens

90 1621 130 1660 et
161 1629 323 1660 summo
353 1617 588 1671 incorporeo
622 1617 798 1660 creatori
836 1617 941 1659 hanc
973 1617 1147 1659 eandem
1180 1628 1275 1658 cum
1307 1615 1370 1657 sui
1401 1616 1593 1658 inferiore

88 1687 290 1729 subiciens
320 1687 365 1728 in
394 1686 566 1729 tertium
599 1686 757 1728 caelum
779 1686 903 1728 Pauli
932 1685 1197 1740 pedissequos
1219 1685 1368 1739 rapiat,
1403 1685 1473 1738 qui
1494 1684 1592 1726 soli-

44 1775 78 1802 20
89 1757 188 1799 dum
218 1755 427 1798 sensibilis
467 1754 611 1797 mundi
650 1754 895 1809 penetrabili
934 1754 1072 1796 mente
1112 1753 1422 1795 transmiserint
1457 1753 1594 1795 inten-

88 1825 255 1879 tamque
287 1823 416 1867 aciem
446 1836 493 1865 ex
517 1823 601 1866 imo
624 1823 727 1866 caeli
749 1823 866 1876 tergo
887 1823 1081 1864 sistentes
1102 1822 1399 1875 redintegratis
1431 1821 1593 1864 uiribus

158 2007 180 2041 2
212 2006 250 2041 in
281 2017 347 2042 om.
381 2006 428 2042 S1
573 2007 636 2041 tuo
668 2016 736 2041 om.
767 2005 877 2048 M¹b‚
914 2005 999 2040 add.
1034 2005 1096 2040 M²
1240 2004 1261 2038 3
1286 2003 1358 2048 qud
1381 2003 1437 2037 tui
1462 2003 1506 2038 8²

89 2065 112 2099 4
135 2064 311 2099 mendacii
334 2064 384 2109 te]
410 2063 626 2099 mendaciter
649 2064 698 2098 M
719 2064 828 2107 (corr.
851 2063 893 2097 in
915 2064 1044 2107 marq.)
1165 2062 1202 2096 te
1227 2071 1293 2096 om.
1319 2060 1429 2095 HLS
1540 2070 1595 2095 ar-

90 2145 171 2190 guis
186 2145 261 2180 Mb
278 2144 369 2189 Sch.5
405 2154 533 2189 arguas
549 2144 596 2186 R,
632 2125 758 2188 arguers
777 2143 813 2186 S,
850 2152 976 2188 argues
993 2142 1072 2178 rell.
1204 2141 1227 2175 5
1244 2139 1407 2176 conninci
1424 2139 1504 2175 Βοὴ.

90 2203 112 2238 6
142 2213 345 2247 corporeum
377 2201 629 2242 ABDE‘FP,
669 2201 850 2245 repertum
875 2201 922 2244 1⁰²
1060 2198 1147 2243 quin
1173 2197 1273 2240 Sela,
1313 2197 1397 2242 quia
1420 2200 1458 2231 in
1477 2206 1507 2241 p

91 2260 111 2295 ‘1
136 2270 219 2305 ergo
244 2263 331 2295 ante
354 2259 453 2294 nullo
478 2259 565 2294 add.
592 2257 634 2293 8²
751 2257 794 2292 10
812 2257 902 2292 talia.
917 2256 992 2292 Mb
1010 2256 1103 2299 Sch„
1139 2255 1212 2290 alia
1228 2255 1303 2291 rell.
1422 2254 1463 2288 11
1482 2263 1597 2298 posse-

90 2350 169 2375 mus
185 2340 238 2375 Ε2
254 2339 348 2383 Seh„
378 2321 555 2384 possimus
573 2338 610 2382 S,
643 2338 818 2383 possimus
835 2337 912 2372 rell.
1030 2336 1074 2371 15
1091 2335 1290 2370 doctrinam
1307 2334 1344 2369 R
1450 2334 1596 2368 eatenus

85 2398 131 2441 1³²
251 2397 294 2431 16
311 2408 332 2431 a
347 2396 462 2431 media
478 2397 515 2431 Β
631 2406 652 2429 a.
667 2405 734 2430 om.
751 2394 825 2429 AB
941 2393 1189 2428 conscenditur
1205 2390 1412 2426 ABDE¹F
1425 2389 1505 2426 Sela.

92 2455 135 2489 17
152 2455 254 2499 rapto
270 2453 505 2495 ABHLRS,
541 2453 634 2487 ratio
652 2452 731 2487 Βοὴ.
863 2451 906 2486 18
930 2461 1065 2486 summe
1088 2450 1173 2485 libri
1191 2452 1342 2493 praeter
1365 2447 1413 2481 M
1534 2456 1596 2482 suo

90 2512 131 2555 12²
266 2510 432 2545 inferiore
462 2510 555 2553 Mb,
598 2508 759 2544 inferiori
783 2508 864 2544 rell.
890 2511 925 2543 et
949 2507 1030 2543 Βοὴ.
1171 2506 1213 2541 19
1238 2504 1445 2549 pedisequos
1470 2504 1507 2540 R

91 2567 219 2613 rapiat]
251 2567 361 2603 faciat
391 2566 621 2602 conscendere
646 2567 692 2610 1²²
829 2565 875 2600 20
906 2564 1064 2599 sensibus
1095 2563 1134 2598 D
1166 2563 1209 2597 in
1232 2564 1354 2605 textu,
1379 2561 1396 2595 Ι
1419 2560 1595 2608 sensibilis

91 2624 133 2659 in
161 2634 272 2669 mary.
415 2623 587 2658 mundum
617 2622 916 2658 BDE¹FH¹PT
932 2621 1014 2658 seh.
1160 2617 1400 2653 transmiserit
1432 2617 1505 2652 Mb

92 2681 301 2726 intentaque
325 2681 397 2717 acie
421 2681 494 2717 Mb
631 2680 674 2715 21
701 2680 788 2725 imo]
815 2690 887 2714 uno
912 2680 933 2715 b
1072 2678 1200 2714 sistens
1224 2675 1299 2710 Mb
1438 2674 1597 2709 redente-

94 2738 208 2783 gratis
232 2738 269 2774 R
