1884 2998
243 156 300 199 90
758 154 998 190 Claudiani
1023 153 1232 189 Mamerti

243 282 382 336 plinae
426 280 549 323 istius
578 280 781 323 minutias
812 279 976 322 traham
1011 291 1114 321 neue
1144 278 1419 321 intentionem
1449 279 1568 321 tuam
1597 279 1640 321 in
1672 280 1746 322 ad-

244 348 480 403 spectandis
511 349 731 403 planarum
761 348 988 402 figurarum
1019 348 1087 389 uel
1119 347 1318 391 cuborum
1348 347 1416 389 uel
1436 349 1746 402 pyramidarum

243 417 475 460 rationibus
506 419 683 469 teneam,
717 419 883 471 propter
914 416 1061 458 circuli
1082 415 1379 469 perfectionem
1406 417 1456 458 de
1476 428 1559 459 una
1578 417 1746 460 tantum

249 487 390 541 figura,
422 488 470 528 ut
499 486 632 528 adhuc
663 485 851 536 fecimus,
888 484 1074 527 breuiter
1105 485 1414 537 conloquamur.

300 565 490 608 Circulus
519 564 567 608 fit
599 579 646 608 ex
674 578 757 608 una
786 566 907 607 linea.
950 566 1019 606 sed
1054 565 1142 606 iure
1172 576 1281 606 nunc
1311 565 1416 607 illud
1449 564 1743 618 admoneberis,
1777 582 1795 609 5

242 637 349 689 quod
379 635 490 678 linea
520 635 610 678 sine
641 635 863 676 latitudine
896 635 1020 687 atque
1051 633 1279 675 altitudine
1305 633 1524 687 perfectior
1545 637 1619 685 est,
1642 646 1747 688 quae

242 705 382 745 tamen
412 704 536 747 habet
567 704 723 758 aliquid
754 716 795 745 se
825 704 916 756 ipsa
946 702 1180 755 perfectius·
1231 704 1433 755 punctum
1463 715 1610 758 nempe
1631 704 1746 757 prin-

243 771 432 826 cipaliter
463 775 526 814 est
556 772 670 826 origo
693 772 836 821 lineae,
869 771 919 813 ab
940 771 1026 824 ipso
1047 770 1245 824 incipitur
1279 771 1450 825 ipsoque
1471 771 1629 823 finitur,
1652 785 1746 814 cum

242 844 446 896 punctum
477 853 552 883 nec
583 841 680 883 oriri
710 853 733 882 a
764 851 972 893 quoquam
1002 839 1146 891 pateat
1176 851 1250 880 nec
1279 838 1402 881 finiri.
1454 840 1532 882 hoc
1567 852 1746 894 namque

242 910 428 951 continet
456 909 501 951 in
530 910 673 964 figuris
705 911 920 963 punctum,
953 909 1059 961 quod
1091 919 1198 950 unus
1228 908 1270 949 in
1301 909 1500 951 numeris.
1546 909 1628 951 ista
1651 922 1747 964 ergo
1762 926 1796 952 ιο

240 970 374 1027 linea,
405 990 509 1032 quae
539 977 807 1020 transuersim
847 977 976 1019 secari
1006 976 1154 1031 potest,
1193 977 1324 1020 scindi
1355 990 1427 1031 per
1462 978 1635 1033 longum
1665 989 1746 1020 non

240 1049 392 1101 potest,
433 1047 529 1101 quia
566 1047 711 1100 utique
750 1047 784 1088 si
825 1045 1041 1099 scinditur,
1078 1044 1204 1088 habet
1235 1045 1517 1099 latitudinem,
1553 1058 1649 1089 cum
1680 1059 1748 1089 36-

244 1117 372 1158 canda
402 1117 477 1171 est,
508 1117 662 1170 puncto
695 1115 890 1166 caeditur,
914 1126 1010 1156 cum
1032 1114 1232 1166 punctum
1254 1114 1414 1156 scilicet
1436 1126 1518 1157 non
1540 1115 1746 1158 caedatur.

240 1183 462 1238 perfectior
499 1195 595 1237 ergo
636 1184 850 1237 longitudo
882 1182 1119 1233 latitudine,
1156 1182 1254 1236 quia
1294 1182 1474 1225 latitudo
1521 1184 1563 1225 et
1609 1185 1748 1225 trans-

241 1253 399 1295 uersim
448 1255 489 1295 et
539 1251 727 1294 directim
778 1252 927 1304 recipit
986 1252 1223 1292 sectionem.
1295 1251 1515 1304 perfectior
1564 1252 1748 1295 latitudo
1762 1268 1798 1294 15

242 1321 477 1373 altitudine,
510 1322 607 1374 quia
636 1320 816 1363 altitudo
856 1332 938 1362 non
968 1320 1104 1361 solum
1145 1320 1248 1362 findi
1279 1333 1326 1363 ac
1357 1321 1497 1372 secari,
1529 1333 1676 1363 uerum
1708 1322 1749 1363 et

242 1403 268 1432 a
298 1392 426 1433 latere
457 1388 572 1431 caedi
610 1389 758 1442 potest.
812 1401 908 1442 ergo
954 1389 1133 1431 altitudo
1166 1389 1253 1431 31116
1283 1389 1509 1432 latitudine
1540 1392 1581 1431 et
1612 1389 1748 1442 longi-

242 1459 384 1501 tudine
429 1470 515 1500 esse
561 1469 641 1499 non
685 1460 835 1510 potest,
878 1457 919 1499 et
958 1457 1030 1499 ubi
1062 1458 1163 1500 haec
1204 1457 1288 1500 tria
1327 1460 1436 1509 sunt,
1476 1458 1588 1500 haud
1625 1458 1748 1501 dubie

241 1539 386 1582 corpus
420 1527 493 1570 est.
545 1527 722 1569 latitudo
754 1528 842 1569 sine
878 1527 1138 1582 longitudine
1179 1539 1265 1569 esse
1302 1539 1384 1569 non
1414 1528 1563 1582 potest,
1611 1528 1747 1583 longi-

240 1596 340 1638 tudo
380 1595 467 1638 sine
506 1596 569 1638 his
601 1595 794 1637 omnibus
827 1607 915 1638 esse
956 1597 1106 1649 potest,
1139 1595 1210 1638 sed
1240 1596 1326 1637 sine
1358 1599 1513 1649 puncto
1545 1609 1632 1639 6336
1663 1610 1745 1639 non
1761 1613 1796 1640 20

239 1665 389 1718 potest.
441 1664 530 1707 sine
560 1665 624 1706 his
655 1676 751 1706 uero
783 1667 985 1718 punctum
1018 1677 1180 1718 semper
1211 1665 1276 1707 est
1306 1677 1382 1707 nec
1413 1665 1647 1719 cuiuspiam
1698 1668 1746 1708 ut

239 1733 297 1775 sit
327 1733 498 1787 indiget,
531 1734 627 1786 quia
657 1733 781 1775 unius
813 1733 975 1775 nullum
1007 1736 1145 1786 potest
1176 1745 1265 1775 6336
1296 1734 1562 1787 principium.
1611 1735 1743 1776 circu-

240 1802 305 1843 lus
343 1802 473 1856 igitur
501 1815 584 1845 una
622 1804 845 1856 eademque
885 1801 1146 1844 circumflexa
1184 1801 1232 1844 fit
1275 1802 1394 1854 linea,
1443 1804 1513 1845 sed
1559 1803 1668 1845 sicut
1699 1804 1742 1845 in

307 1994 329 2028 2
360 1994 515 2029 ciborum
544 1994 668 2037 GL&
709 1995 905 2029 cimborum
937 1994 999 2036 M,
1041 1993 1244 2038 cymborum
1270 1994 1357 2035 BG,
1399 1993 1593 2039 cyllborum
1616 1995 1741 2039 AHR,

239 2051 409 2095 cyborum
435 2051 477 2086 S²
590 2052 856 2096 pedamidarum
876 2052 939 2094 M,
979 2050 1204 2097 pamidarum
1222 2051 1258 2086 R
1377 2052 1399 2086 3
1423 2052 1607 2086 teneamus
1625 2052 1654 2087 S

239 2108 503 2153 perfectionem]
537 2111 572 2143 et
605 2109 690 2148 add.
724 2109 759 2144 R
896 2109 919 2143 4
955 2108 1150 2152 figurarum
1192 2108 1226 2143 G
1364 2108 1577 2143 collocamur
1608 2110 1658 2144 M

241 2189 263 2224 5
294 2199 334 2223 ex
359 2200 426 2226 om.
449 2201 478 2234 p
618 2189 639 2223 6
671 2166 750 2234 quo<¹
773 2189 809 2224 R
948 2188 1036 2233 sine]
1063 2189 1113 2222 sic
1142 2188 1176 2224 G
1314 2188 1508 2223 altitudine
1533 2190 1637 2232 atque
1663 2188 1747 2223 lati-

242 2246 368 2280 tudine
405 2246 577 2288 editores,
619 2246 814 2280 altitudine
849 2247 956 2290 atque
995 2245 1188 2280 altitudine
1225 2246 1273 2280 M
1433 2256 1523 2290 quae
1557 2245 1629 2280 Mb
1655 2246 1748 2288 Sch.,

242 2302 335 2347 quod
362 2304 463 2347 (quot
488 2303 539 2347 A)
566 2304 642 2338 rell.
780 2303 800 2337 7
826 2303 962 2347 tamen]
989 2313 1059 2336 non
1084 2304 1120 2336 A
1258 2303 1358 2348 ipsas!
1382 2303 1419 2339 R
1556 2303 1578 2338 8
1603 2303 1749 2348 ipsoque

241 2360 335 2402 Mb,
375 2362 451 2405 ipso
476 2361 553 2396 rell.
580 2365 612 2396 et
638 2360 717 2395 Sch.
851 2361 893 2395 10
918 2360 1101 2415 continent
1126 2360 1172 2403 B,
1215 2360 1355 2395 obtinet
1386 2360 1418 2395 G
1549 2362 1593 2395 11
1617 2361 1746 2395 iscindi

248 2428 331 2463 ΟΗι
472 2430 514 2464 12
540 2430 760 2464 scinditurllll
787 2430 816 2464 S
884 2460 895 2473 ,
949 2430 992 2464 13
1018 2430 1155 2463 ceditur
1181 2433 1214 2464 et
1238 2429 1384 2464 cedatur
1408 2430 1492 2465 libri
1516 2440 1645 2472 omnes,
1671 2430 1690 2464 b
1716 2434 1752 2465 et

243 2485 342 2527 Sela,
385 2488 524 2521 secatur
547 2490 702 2531 utroque
726 2486 801 2521 loco
822 2488 865 2529 1³²
1006 2486 1048 2520 15
1081 2486 1277 2520 direlictim
1303 2486 1339 2521 A
1477 2486 1611 2530 recepit
1635 2486 1750 2520 AHL

243 2542 323 2578 138¹
462 2543 631 2586 perfectio
655 2543 693 2579 R
833 2544 875 2577 16
901 2543 1093 2577 altitudini
1117 2543 1334 2578 BCHLRS
1470 2543 1640 2588 altitudo]
1667 2544 1750 2578 lati-

243 2622 328 2657 tudo
365 2622 642 2667 Anniam,
691 2606 848 2658 nst-,itudo
891 2624 920 2660 G
1056 2624 1170 2658 scindi
1207 2624 1421 2668 ABDEOE‘,
1464 2623 1587 2669 scyndi
1622 2624 1659 2659 R

242 2692 378 2736 uerum]
405 2692 519 2726 scindi
544 2693 654 2727 etiam
679 2692 764 2728 add.
790 2695 837 2737 1²²
975 2693 1017 2726 17
1050 2693 1125 2726 cedi
1151 2693 1235 2727 libri
1260 2697 1293 2727 et
1318 2693 1338 2728 b
1477 2694 1519 2728 18
1551 2692 1619 2727 aud
1645 2692 1755 2728 ABG

1064 2754 1111 2767 Sine

240 2772 308 2814 11¹,
348 2773 411 2806 aue
438 2771 483 2815 R,
522 2772 611 2806 haut
637 2773 667 2807 3
780 2773 823 2808 19
848 2749 1080 2817 longitudssne
1099 2773 1253 2807 latitudo
1278 2773 1307 2807 3
1421 2773 1465 2807 23
1490 2773 1606 2807 nneass
1632 2773 1661 2808 3
