1884 2998
675 117 733 152 De
758 117 881 152 statu
907 116 1082 152 animae
1111 117 1150 153 II
1175 117 1208 152 2.
1611 118 1689 161 101

911 276 972 330 ΙΙ.

190 401 281 441 QVO
327 401 457 432 MODO
508 400 783 432 PHILOSOPHI
833 402 984 432 MVNDI
1034 400 1382 432 INDAGAVERINT
1433 403 1693 433 VERITATEM

375 470 706 508 GRADATIMQVE
737 470 800 499 AD
831 470 960 500 DEVM
995 470 1141 509 VSQVE
1172 470 1505 500 PERVENERINT.

244 560 300 603 Et
329 560 526 615 quoniam
555 561 795 603 mortalium
826 562 963 615 generi
993 562 1142 604 natura
1172 561 1316 604 datum
1348 560 1412 603 est
1435 562 1484 603 ut
1504 562 1692 604 abstrusa

160 629 338 672 sfortius
377 630 564 683 quaerat,
601 631 648 672 ut
687 632 839 683 negata
877 630 1013 685 magis
1051 631 1222 679 ambiat,
1263 630 1310 672 ut
1348 630 1506 672 tardius
1546 629 1693 683 adepta

187 696 282 752 plus
329 697 489 752 diligat,
542 710 588 740 eo
632 697 877 753 flagrantius
916 699 1078 741 ametur
1117 698 1273 740 ueritas
1311 710 1390 752 quo
1428 697 1497 739 uel
1536 697 1693 739 diutius

190 766 446 809 desideratur
490 767 558 808 uel
602 766 848 809 laboriosius
899 767 1111 821 quaeritur
1159 767 1226 809 uel
1270 767 1430 808 tardius
1468 766 1692 817 inuenitur,

187 833 282 878 hinc
321 834 479 877 factum
519 836 581 877 est
625 838 673 878 ut
703 836 936 890 philosophi
977 848 1136 890 quoque
1176 834 1472 878 excellentibus
1503 834 1693 888 ingeniis,

187 903 449 946 multimodis
487 904 702 959 doctrinis,
741 906 1024 960 pugnantibus
1064 905 1299 954 sententiiS,
1343 904 1478 959 longis
1520 902 1693 945 saeculis

142 989 176 1015 ιο
188 972 239 1014 (10
270 974 411 1015 03ᾱο111
440 972 618 1016 ueritate
648 977 892 1027 quaerentes
937 975 988 1017 ab
1018 987 1149 1028 usque
1179 973 1416 1028 Pythagora
1446 971 1592 1014 Italico
1623 970 1693 1013 uel

151 1054 153 1057 ⁴
187 1040 327 1082 lonico
368 1041 540 1084 Thalete
581 1055 743 1097 semper
775 1042 1022 1092 exstiterint,
1065 1043 1136 1096 qui
1168 1040 1468 1084 dissidentibus
1499 1039 1593 1082 aliis
1625 1039 1693 1081 uel

186 1108 230 1151 in
260 1112 378 1163 parte
419 1111 552 1164 operis
594 1110 752 1165 aliquid
784 1111 958 1166 dignum
989 1112 1109 1153 tanta
1138 1110 1290 1165 indage
1320 1110 1534 1152 sentirent.
1583 1109 1691 1150 unde

187 1177 315 1221 etiam
345 1180 488 1221 doctor
509 1181 700 1234 gentium
722 1193 803 1222 non
825 1182 914 1223 tam
934 1180 1103 1235 ignaros
1126 1180 1215 1222 ueri
1237 1178 1500 1233 philosophos
1521 1176 1691 1226 iudicat,

187 1259 312 1300 quam
358 1247 512 1301 cogniti
553 1249 858 1303 contemptores
899 1250 1062 1291 accusat
1116 1247 1334 1302 inquiens:
1381 1245 1692 1288 inuisibilia

142 1314 269 1356 15dei
299 1327 322 1357 a
354 1316 601 1358 creatura
631 1316 809 1358 mundi
839 1329 927 1370 per
959 1329 1016 1359 ea
1046 1328 1173 1370 quae
1204 1316 1349 1358 facta
1382 1316 1505 1357 sunt
1533 1313 1693 1355 intel-

187 1383 328 1426 lecta
387 1384 826 1438 conspiciuntur,
885 1386 1213 1440 sempiterna
1264 1396 1464 1437 quoque
1513 1383 1692 1424 uirtus

188 1452 303 1494 eius
345 1455 395 1494 et
435 1453 726 1504 diuinitas,
767 1456 825 1495 ut
856 1454 965 1496 sint
1004 1452 1419 1506 inexcusabiles,
1452 1450 1694 1505 quoniam

189 1533 299 1563 cum
331 1521 717 1576 cognouissent
749 1522 918 1573 deum,
959 1534 1060 1563 non
1100 1521 1239 1563 sicut
1269 1521 1414 1562 deum
1445 1519 1692 1574 magnifi-

190 1590 464 1630 cauerunt.
517 1600 613 1642 ergo
645 1590 938 1642 cognouerunt‚
981 1591 1021 1630 et
1052 1589 1236 1641 ingressa
1266 1590 1328 1629 est
1359 1588 1590 1630 diuinitatis
1621 1588 1694 1629 ab·

142 1672 175 1697 20
189 1656 301 1698 ditae
332 1670 447 1699 mens
479 1657 663 1700 humana
683 1660 889 1700 secretum
925 1658 1256 1711 transcensisque
1280 1657 1482 1711 corporeis
1505 1656 1694 1698 omnibus

189 1726 367 1767 emirata
403 1726 527 1767 illum
559 1726 752 1768 uidelicet
783 1726 1068 1769 uniuersitatis
1098 1726 1207 1768 uidit
1238 1738 1324 1768 esse
1356 1725 1592 1779 creatorem,
1623 1725 1693 1778 qui

187 1805 270 1835 non
300 1794 436 1836 solum
466 1806 660 1849 corporea
689 1795 884 1837 uniuersa
914 1794 1095 1848 praeiret
1130 1794 1237 1837 sicut
1261 1793 1519 1836 inrationalis
1541 1793 1691 1844 anima,

187 1873 318 1916 neque
364 1862 470 1904 hanc
511 1863 637 1905 etiam
679 1864 786 1905 sicut
826 1862 1042 1906 rationalis
1085 1864 1366 1915 antecelleret,
1411 1862 1481 1903 sed
1523 1863 1588 1915 qui
1627 1861 1689 1903 his

326 1997 369 2032 14
393 1997 493 2032 Rom.
519 1998 550 2041 1,
576 1997 622 2033 20
639 2008 690 2043 sq.

255 2123 278 2157 5
303 2122 465 2167 ambigat
491 2123 526 2158 G
658 2123 679 2157 6
703 2122 848 2167 diligat]
874 2123 910 2157 et
934 2121 1019 2158 add.
1038 2133 1069 2167 p
1087 2122 1167 2158 Sch.
1301 2124 1439 2158 ametur
1464 2122 1516 2165 E,
1557 2131 1690 2177 amare-

186 2192 247 2225 tur
278 2191 365 2233 DF,
406 2192 587 2226 amaretur
614 2191 694 2226 rell.
719 2194 753 2226 et
779 2191 799 2227 b
939 2191 1034 2236 quod
1070 2191 1144 2227 Mb
1283 2191 1302 2225 7
1338 2191 1534 2226 laboriosus
1572 2190 1603 2225 S

185 2247 207 2282 9
233 2247 436 2293 sententiis]
465 2247 637 2283 doctrinis
663 2248 694 2283 S
822 2249 863 2284 11
889 2248 1008 2283 iunico
1033 2249 1070 2284 R
1201 2248 1379 2283 exstiterit
1403 2248 1438 2282 B
1568 2246 1611 2280 12
1635 2246 1690 2281 in-

186 2306 316 2351 dagine
348 2307 396 2351 p²
582 2306 625 2340 13
662 2306 788 2340 ductor
825 2305 860 2341 G
1046 2305 1088 2341 15
1124 2306 1278 2341 creatore
1313 2303 1600 2340 ABCE¹FH¹P

187 2385 229 2420 17
265 2385 360 2430 quod
394 2385 512 2421 BDF
526 2386 627 2428 sm,
676 2362 698 2430 ᾇ
733 2386 786 2420 E²
964 2387 1007 2422 18
1044 2397 1123 2422 eum
1160 2397 1225 2423 om.
1262 2387 1299 2422 R
1473 2385 1577 2420 deum
1606 2386 1690 2429 post

186 2455 279 2490 sicut
317 2465 384 2490 om.
421 2455 457 2491 R
603 2455 895 2500 glorificauerunt
924 2458 969 2502 1⁰²
1113 2456 1157 2491 19
1193 2456 1288 2501 ergo]
1326 2466 1405 2490 cum
1441 2455 1526 2491 add.
1562 2454 1599 2490 R

186 2522 232 2556 20
266 2512 571 2580 transcenssisque
607 2524 639 2560 S
773 2525 938 2560 omnibus
974 2525 1149 2570 corporeis
1186 2524 1271 2560 libri
1301 2527 1454 2568 praeter
1490 2523 1602 2560 OQM

185 2602 231 2637 21
256 2603 406 2638 emirata
429 2604 580 2648 scripsi,
620 2614 656 2639 se
679 2604 810 2639 mirata
833 2604 898 2648 E2,
939 2614 976 2640 se
999 2604 1144 2639 mii-iata
1171 2604 1216 2647 G,
1254 2594 1418 2659 {emerita
1443 2603 1481 2646 S,
1523 2603 1688 2638 semerita

187 2670 282 2714 rell„
323 2672 433 2705 semet
456 2674 492 2706 et
516 2671 570 2707 ita
594 2672 631 2715 b,
672 2674 708 2707 et
733 2673 844 2706 semet
868 2673 904 2707 et
933 2672 988 2707 ita
1011 2672 1209 2715 Barthius,
1250 2682 1286 2707 se
1311 2672 1438 2707 metita
1463 2671 1556 2713 Sch„
1597 2680 1686 2705 eme-

186 2727 257 2761 tita
280 2727 334 2762 ita
361 2728 534 2763 Galland.
673 2729 718 2763 23
742 2739 805 2763 1100
830 2739 896 2774 que
922 2729 953 2764 S
