1884 2998
1527 112 1588 141 XX
1594 112 1645 142 111

155 215 395 258 memineris
427 215 666 269 (meminere
694 216 751 265 M,
785 216 841 258 ad
870 230 933 258 me
963 217 1094 259 ‘nitere
1115 219 1246 271 rell.):
1277 221 1499 273 genuinam
1529 223 1645 265 lecti-

156 298 274 327 onem
296 297 371 326 nec
392 285 437 325 M
458 295 532 325 nec
553 283 732 337 reliquos
755 283 882 326 libros
905 285 1099 337 praebere
1122 286 1226 327 mihi
1249 300 1355 329 nunc
1373 290 1646 332 certissimum

156 355 230 395 est.
283 356 407 405 atque
437 354 484 393 ut
514 353 694 404 primum
726 352 774 393 de
805 353 939 395 uerbis
969 354 1026 395 ad
1045 367 1109 395 me
1130 355 1260 396 nitere
1282 356 1479 411 dicamus,
1503 370 1550 400 ea
1570 359 1645 402 hoc

154 423 243 464 loco
283 420 382 463 ferri
422 419 588 462 omnino
630 432 708 461 non
748 433 867 473 posse
906 421 1010 463 hanc
1049 421 1098 462 ob
1137 435 1220 464 rem
1263 425 1373 476 puto,
1411 426 1518 477 quod
1548 427 1646 469 deus

159 490 291 532 uerbis
324 490 406 531 suis
439 501 520 530 non
551 488 836 531 cohortaturus
867 491 928 531 est
959 491 1151 545 animam,
1187 494 1232 533 ut
1259 493 1309 533 ad
1331 505 1372 534 se
1394 495 1549 536 nitatur
1579 497 1646 537 uel

159 560 314 600 caelum
346 559 526 611 appetat,
568 557 639 598 sed
680 559 727 598 ut
757 570 798 599 se
830 557 921 610 ipsa
951 560 1183 613 cognoscat,
1216 571 1293 612 quo
1316 560 1528 603 referenda
1549 566 1646 605 sunt

158 628 281 668 etiam
311 627 438 668 uerba
468 626 702 679 sequentia:
733 626 830 667 uide
850 629 1024 668 mentem
1045 629 1173 678 tuam,
1207 627 1305 669 uide
1325 629 1496 669 uerbum
1517 632 1645 681 tuum,

159 696 249 737 uide
280 694 541 736 uolzmtatem
566 696 697 743 tuam,
730 695 912 748 itemque
935 696 1247 737 antecedentia:
1278 696 1391 738 intro
1422 697 1581 750 inspice
1609 702 1646 741 te

158 764 205 805 de
223 766 259 805 te
281 764 391 816 ipsa.
428 775 531 815 quae
553 775 645 804 cum
667 763 726 804 ita
748 763 845 815 sint,
878 768 1099 805 memoriae
1129 765 1313 817 uerbum,
1347 766 1453 818 quod
1481 766 1649 819 praebet

156 831 213 883 M,
243 831 507 885 aptissimum
539 844 626 873 esse
656 831 724 873 uix
757 831 974 885 quisquam
1005 832 1159 874 infitias
1191 837 1268 875 eat.
1315 834 1386 874 sed
1408 834 1497 886 ipsa
1518 835 1648 878 forma

156 900 378 941 meminere
425 899 573 942 codicis
604 899 649 940 M
682 900 930 942 auctoritate
968 902 1053 942 sola
1091 913 1170 942 non
1208 901 1307 943 satis
1346 901 1450 943 mihi
1484 903 1648 946 firmata

157 980 238 1010 esse
277 969 446 1010 uidetur
488 980 621 1021 neque
652 968 845 1021 amplius,
879 980 981 1021 quae
1014 969 1062 1010 de
1093 969 1169 1010 hac
1200 970 1434 1023 imperatiui
1466 970 1597 1013 forma
1626 985 1650 1012 a

157 1037 277 1079 uerbo
302 1036 534 1078 ameminor
555 1035 780 1078 deriuanda
800 1037 843 1078 in
864 1037 1125 1079 adnotatione
1147 1037 1291 1079 critica
1311 1038 1362 1079 ad
1384 1039 1421 1080 h.
1445 1039 1471 1079 1.
1493 1039 1648 1092 scripsi,

158 1106 266 1147 recte
298 1118 341 1147 se
374 1105 524 1147 habere
555 1107 666 1159 puto.
707 1106 850 1146 notum
884 1106 1051 1158 quidem
1083 1106 1145 1148 est
1166 1107 1366 1148 exstitisse
1387 1106 1650 1160 participium

154 1174 381 1216 meminens
403 1174 472 1227 (cf.
489 1187 522 1215 e.
535 1185 574 1227 g.
588 1172 724 1216 Sidon.
738 1174 872 1227 Apoll.
890 1187 982 1228 pag.
994 1174 1089 1227 202,
1110 1175 1161 1217 16
1179 1175 1241 1216 ed.
1261 1175 1452 1227 nostrae),
1471 1177 1519 1216 ad
1538 1176 1649 1216 cuius

155 1243 389 1297 analogiam
422 1243 595 1284 fortasse
625 1242 876 1285 Claudianus
907 1255 1053 1284 reuera
1082 1243 1275 1284 meminis
1310 1244 1352 1296 (2
1372 1243 1475 1296 sing.
1498 1244 1646 1298 praes.)

154 1311 318 1366 scripsit
348 1312 415 1361 95,
449 1311 503 1353 22
526 1336 578 1341 —
601 1310 660 1352 sic
693 1312 799 1352 enim
834 1311 981 1365 optimi
1002 1311 1099 1352 libri
1120 1323 1272 1366 omnes,
1309 1311 1548 1352 memineris
1569 1312 1649 1353 tres

153 1379 392 1433 interpolati
422 1379 619 1433 praebent
648 1403 724 1431 -,
758 1379 828 1420 sed
859 1380 994 1422 forma
1029 1380 1144 1422 uerbi
1176 1380 1415 1433 deponentis
1446 1380 1647 1420 meminor

154 1448 267 1490 nullo
300 1448 483 1502 exemplo
514 1448 686 1502 analogo
709 1448 967 1503 comprobari
987 1449 1134 1502 potest.
1173 1449 1269 1502 quid
1300 1461 1396 1490 uero
1419 1448 1453 1489 si
1475 1448 1648 1489 memine

153 1517 318 1570 scripsit
364 1516 625 1568 Claudianus,
673 1529 775 1570 quae
816 1517 1052 1570 imperatiui
1093 1517 1220 1558 actiui
1259 1517 1393 1559 forma
1424 1517 1646 1558 Claudiano

153 1586 416 1628 condonanda
455 1586 531 1637 est,
570 1597 692 1638 quem
730 1585 958 1626 identidem
990 1584 1205 1627 Sidonium
1236 1586 1530 1639 Apollinarem,
1579 1584 1647 1637 qui

153 1657 193 1695 et
224 1654 308 1707 ipse
347 1654 521 1696 formam
558 1653 786 1694 meminens
823 1654 943 1695 ualde
967 1654 1177 1696 adamauit
1210 1657 1286 1708 (ep.
1319 1653 1361 1695 II
1393 1654 1458 1706 10,
1491 1652 1577 1693 IIII
1608 1652 1649 1695 3.

156 1723 219 1774 12,
252 1721 310 1763 VI
341 1723 380 1776 3,
412 1721 496 1764 VII
527 1721 586 1774 6),
629 1722 842 1764 imitatum
881 1735 968 1764 esse
1009 1725 1181 1764 constat.
1233 1722 1372 1774 itaque
1407 1721 1582 1762 memine
1611 1723 1648 1761 te

152 1791 411 1833 scribendum
442 1789 707 1844 proponimus
743 1790 809 1843 (de
838 1789 1072 1831 accusatiuo
1102 1792 1138 1831 te
1168 1789 1218 1831 cf.
1251 1789 1492 1830 Plautinum
1523 1787 1648 1829 illud:

150 1859 277 1912 facito
320 1861 367 1899 ut
412 1871 476 1899 me
517 1858 780 1908 memineris,
827 1858 1004 1901 Venant.
1047 1859 1214 1900 Fortun.
1248 1857 1351 1899 VIII
1385 1857 1448 1912 13,
1480 1856 1528 1898 3:
1569 1869 1650 1896 me-

151 1929 284 1968 mento
315 1926 532 1968 Iustitiam
559 1925 773 1980 famulam
800 1925 954 1978 pietate
986 1925 1094 1980 etc),
1141 1925 1257 1967 cuius
1303 1924 1491 1966 lectionis
1539 1925 1648 1964 certa

151 1996 328 2049 uestigia
365 1995 410 2036 M
458 1995 652 2044 seruauit,
699 2007 800 2048 quae
847 1994 891 2035 in
934 1994 1102 2047 reliquis
1147 1993 1265 2035 libris
1309 2005 1472 2046 prorsus
1517 1991 1648 2033 deleta

154 2076 241 2106 esse
291 2064 460 2116 propter
508 2062 639 2117 ipsam
687 2063 842 2104 formae
882 2063 1110 2104 nouitatem
1156 2074 1237 2104 non
1278 2064 1340 2103 est
1380 2060 1486 2114 quod
1526 2059 1647 2101 mire-

152 2145 258 2173 mur.
292 2156 344 2162 —
376 2131 442 2181 96,
487 2132 539 2173 16
570 2133 609 2172 et
644 2143 739 2173 cum
781 2143 913 2184 neque
962 2133 1056 2183 apte
1102 2142 1173 2184 pro
1204 2130 1330 2171 etiam
1359 2130 1489 2182 accipi
1519 2142 1647 2183 neque

153 2200 272 2241 aliter
313 2199 510 2252 explicari
548 2199 692 2254 possit,
729 2211 750 2241 e
779 2200 896 2241 textu
927 2199 1158 2241 eiciendum
1198 2211 1306 2240 nunc
1338 2209 1561 2240 censemus,
1597 2221 1644 2228 -

155 2268 247 2318 103,
295 2268 349 2308 14
386 2267 496 2308 uidit
539 2266 864 2309 similitudinem
901 2268 1100 2320 cuiusque
1136 2267 1198 2308 rei
1235 2267 1284 2307 in
1323 2265 1532 2307 contrario
1567 2276 1648 2306 esse

152 2350 239 2378 ozon
270 2348 405 2391 posse,
448 2336 551 2389 quia
587 2336 782 2378 uidelicet
810 2337 972 2377 inmota
1008 2348 1150 2378 rerum
1179 2335 1289 2375 ratio
1319 2347 1405 2375 non
1435 2333 1539 2374 sinit
1571 2333 1642 2386 (M,

153 2404 271 2445 sinat
288 2405 413 2458 rell.),
434 2407 480 2445 ut
503 2404 670 2457 aliquid
690 2405 814 2446 uiuat
835 2410 1066 2445 mortuum:
1098 2402 1380 2445 coniunctiuus
1401 2401 1530 2450 sinat,
1553 2413 1645 2442 cum

152 2474 305 2514 bonum
341 2473 492 2515 habeat
522 2473 833 2527 explicationem
865 2473 907 2514 et
937 2471 1080 2513 statim
1110 2470 1352 2524 intelleyens
1383 2468 1577 2511 nonnihil
1601 2500 1610 2509 .
1629 2501 1638 2510 .

152 2553 234 2582 esse
254 2542 327 2583 deo
346 2541 495 2597 simile,
528 2542 654 2594 quia
677 2542 752 2582 sit
779 2540 850 2582 ille
873 2541 1013 2582 lumen
1033 2543 1101 2581 etc.
1141 2540 1422 2592 subsequatur,
1444 2538 1642 2579 tenendus

156 2614 228 2652 est.
250 2635 308 2641 —
332 2609 422 2661 104,
454 2611 510 2652 20
540 2609 638 2663 quin
670 2609 752 2650 dici
773 2609 901 2663 possit
921 2611 1112 2649 mutuum
1133 2620 1182 2647 ex
1203 2605 1268 2648 his
1289 2605 1641 2660 (philosophorum

152 2678 451 2733 uoluminibus)
490 2691 658 2732 carpere
702 2677 777 2730 (M)
820 2676 1039 2729 quippiam
1070 2675 1245 2717 dubitari
1277 2685 1356 2715 non
1389 2673 1535 2727 potest,
1569 2671 1639 2713 sed
