1884 2998
292 113 350 156 '18
809 110 1053 146 Claudiani
1079 110 1284 146 Mamerti

763 589 1337 663 CLAVDIANI

293 761 766 834 MAMERTI
821 761 947 833 DE
1004 761 1335 835 STATV
1390 761 1802 833 ANIMAE

861 931 1233 986 Llssiurfflis.

803 1102 1290 1166 PRAEFATIO.

294 1264 641 1296 PRAEFECTORIO
671 1264 886 1294 PATRICIO
918 1264 1190 1295 DOCTISSIMO
1221 1265 1277 1293 ΕΤ
1302 1264 1472 1294 OPTIMO
1498 1263 1608 1294 VIRO
1638 1263 1801 1294 SOLLIO

775 1333 960 1363 SIDONIO
1017 1332 1322 1363 CLAVDIANVS.

350 1425 587 1467 Editionem
628 1424 866 1467 libellorum
908 1425 1011 1466 mihi
1053 1438 1153 1478 quos
1193 1425 1243 1466 de
1285 1426 1444 1467 animae
1483 1425 1595 1466 statu
1635 1425 1802 1466 condidi

291 1493 490 1536 reticendi
522 1494 669 1536 cautus
701 1495 742 1535 et
773 1493 967 1547 loquendi
998 1506 1149 1547 pensus
1182 1494 1334 1535 arbiter
1355 1493 1585 1547 imperasti.
1635 1493 1696 1535 fas
1721 1493 1801 1534 fuit
1832 1506 1849 1532 5

292 1564 449 1605 memet
490 1563 718 1605 doctissimi
760 1565 883 1616 atque
924 1563 1204 1604 amantissimi
1244 1563 1311 1604 uel
1350 1563 1525 1616 peritiae
1556 1564 1698 1604 cedere
1732 1561 1801 1603 uel

294 1631 457 1673 credere
493 1631 716 1674 amicitiae.
767 1634 835 1674 sed
867 1634 913 1672 ut
944 1633 1034 1673 tute
1065 1632 1229 1686 egregie
1251 1635 1492 1685 conpertum
1515 1633 1642 1683 tenes,
1675 1630 1800 1672 multi

293 1699 372 1741 hoc
417 1700 528 1741 idem
574 1700 677 1742 mihi
725 1701 766 1742 et
795 1701 906 1742 idem
953 1701 1033 1754 ipsi
1078 1702 1217 1743 tecum
1262 1700 1406 1754 magni
1452 1700 1677 1742 admodum
1719 1699 1801 1741 uiri

293 1768 507 1822 negotium
538 1768 699 1823 dedere,
737 1771 841 1822 quod
875 1773 1040 1822 egomet
1073 1770 1182 1811 haud
1214 1773 1370 1811 temere
1401 1770 1684 1823 suscepissem,
1717 1767 1800 1809 nisi

293 1836 335 1879 id
378 1849 569 1890 spernere
612 1838 884 1891 periculosius
926 1850 1051 1891 quam
1091 1851 1212 1891 agere
1253 1838 1497 1881 laboriosius
1537 1839 1798 1889 indicassem,
1816 1853 1850 1880 ιο

294 1917 547 1960 quamquam
593 1919 665 1961 pro
710 1907 824 1948 uirili
870 1910 990 1960 parte
1035 1920 1173 1950 meum
1219 1921 1379 1962 quoque
1428 1908 1555 1950 fuerit
1600 1908 1667 1949 uel
1721 1919 1801 1949 non

295 1973 570 2026 admonitum,
616 1980 739 2029 prout
785 1989 902 2030 posse
948 1978 1103 2028 subest,
1152 1979 1339 2020 adserere
1370 1978 1604 2020 ueritatem.
1657 1977 1801 2031 scripsi

294 2054 424 2110 igitur
468 2068 599 2110 pauca
642 2058 748 2099 haec
793 2058 924 2100 ueluti
970 2061 1170 2112 quaedam
1215 2060 1422 2102 rationum
1474 2059 1644 2109 semina,
1697 2069 1801 2112 quae

295 2124 508 2167 studiosus
554 2126 726 2180 quisque
776 2127 924 2169 sinon
956 2130 1085 2171 otiose
1135 2131 1334 2182 capessat,
1385 2131 1432 2169 ut
1482 2139 1556 2182 ego
1608 2126 1800 2174 arbitror,

374 2317 392 2351 1
428 2327 574 2353 menn*
609 2328 821 2355 PRAEFArro
858 2330 1054 2357 Lmnoavm
1091 2330 1300 2356 eLAvam
1334 2319 1713 2356 ABCDEFHMRS

293 2373 315 2407 2
341 2377 377 2408 et
401 2374 534 2411 obtimo
559 2386 739 2420 superscr.
763 2377 824 2412 M²
962 2378 1031 2412 soli
1062 2378 1110 2413 M
1245 2379 1267 2414 3
1293 2377 1512 2422 claudianus]
1538 2377 1691 2412 salutem
1716 2375 1804 2411 add.

296 2430 465 2467 Schottus
601 2434 625 2469 4
660 2435 751 2469 mihi
781 2446 847 2470 om.
874 2446 915 2480 p,
951 2436 1083 2471 inserit
1112 2440 1234 2472 autem
1262 2439 1347 2480 post
1378 2435 1513 2471 arbiter
1652 2434 1672 2469 7
1709 2434 1802 2479 tute]

295 2500 331 2532 te
357 2499 408 2541 B,
450 2502 489 2535 tu
514 2501 601 2537 add.
633 2503 674 2538 in
697 2514 810 2548 mary.
843 2504 905 2545 13²,
947 2506 984 2539 tu
1011 2507 1069 2539 tae
1092 2505 1138 2541 H
1272 2505 1411 2550 aegrille
1435 2504 1493 2546 Η,
1533 2491 1660 2548 aegre¹e
1685 2503 1715 2538 S

295 2555 318 2590 8
341 2555 450 2601 idem]
469 2557 562 2592 idest
580 2559 616 2594 A
734 2560 756 2595 9
780 2563 844 2595 aut
867 2561 977 2597 HRS
1090 2561 1185 2597 haud
1201 2564 1333 2597 temere
1349 2561 1592 2606 suscepissem]
1614 2560 1803 2605 adgressus

295 2614 464 2657 cepissem
488 2615 552 2658 M1,
588 2616 686 2652 unde
710 2628 814 2662 aegre
839 2619 1064 2663 suscepissem
1088 2620 1247 2655 conicias
1368 2619 1411 2654 10
1435 2628 1631 2663 spernerem
1647 2617 1802 2659 ABGR,

296 2670 342 2705 H
353 2671 394 2705 in
410 2682 483 2708 ras.
598 2685 761 2719 spernere
777 2675 816 2710 id
830 2676 950 2711 ΒΕΓ
1065 2678 1105 2712 ll
1130 2677 1203 2712 fuit
1229 2677 1264 2713 G
1380 2676 1453 2720 uel]
1472 2675 1532 2710 sed
1549 2674 1717 2710 B¹DEF

296 2728 519 2763 admonitum
538 2741 567 2775 p
586 2731 684 2776 Sch.‚
725 2735 911 2769 ammonit’
936 2734 999 2778 M,
1040 2734 1246 2770 admonitus
1271 2734 1301 2777 b,
1342 2733 1524 2769 admonito
1548 2733 1626 2768 rell.
