1884 2998
264 90 345 120 XVI

265 202 381 244 nobis
414 201 488 243 hoc
518 200 606 242 loco
637 200 820 243 breuiter
849 200 1072 242 retractare
1102 212 1169 243 eos
1200 199 1324 254 locos,
1357 200 1406 242 de
1427 199 1573 253 quibus
1603 200 1763 242 intelle-

263 268 408 322 gendis
438 269 507 310 uel
538 268 790 322 corrigendis
819 281 930 310 nunc
960 268 1080 310 aliter
1109 270 1231 322 atque
1260 279 1304 309 eo
1334 268 1534 321 tempore,
1567 280 1646 321 quo
1675 267 1764 309 tex-

264 339 356 378 tum
395 337 711 379 recensebamus
742 337 785 378 et
822 336 955 378 indice
1001 335 1222 378 uerborum
1266 336 1449 378 nondum
1491 335 1673 378 confecto
1712 338 1762 379 de

265 404 475 458 scriptoris
506 404 670 446 dicendi
692 417 837 458 genere
862 416 981 458 saepe
1011 408 1150 446 ratum
1181 403 1383 446 iudicium
1413 403 1520 445 ferre
1551 416 1634 446 non
1663 404 1762 446 lice-

264 473 348 526 bat,
379 474 647 515 statuendum
677 485 764 514 esse
793 473 969 515 uidetur.

319 552 420 607 Pag.
457 553 520 603 19,
556 553 606 594 17
645 552 791 594 habita
820 552 1047 594 identidem
1070 566 1162 594 cum
1185 552 1366 594 aduersa
1386 554 1515 605 parte
1536 552 1762 605 conqressi-

263 632 339 662 one
369 633 465 662 cum
496 621 632 662 codice
656 621 702 662 M
732 620 912 662 aduersa
934 620 1091 673 scripsi,
1123 621 1232 674 quod
1263 622 1373 663 certe
1404 620 1670 673 aptissimum
1700 623 1764 663 est

265 690 307 731 et
338 690 463 730 etiam
493 690 583 732 cod.
615 689 997 743 Angelomontanus
1028 702 1140 731 man.
1173 702 1251 732 sec.
1284 691 1463 743 praebet.
1504 690 1574 731 sed
1604 689 1764 743 praefe-

264 758 437 799 rendam
477 770 562 799 esse
604 758 854 812 reliquorum
895 758 1081 800 codicum
1121 759 1367 813 scripturam
1406 758 1578 800 diuersa
1619 771 1640 800 e
1675 758 1764 800 loco

263 827 384 879 plane
413 825 541 867 simili
572 828 743 880 apparet
775 826 869 878 180,
904 826 959 867 14
992 829 1038 868 ut
1065 826 1115 868 de
1142 826 1487 880 incorporalitate
1518 826 1606 867 eius
1634 829 1766 868 tecum

257 906 365 947 pars
402 894 529 935 etiam
559 894 734 936 diuersa
763 896 947 936 sentiret.
980 919 1034 926 --
1055 895 1123 949 22,
1156 896 1182 937 9
1213 895 1430 936 diuersum
1452 895 1655 948 protinus
1685 895 1763 936 ad-

264 964 444 1012 struunt,
484 962 560 1004 etsi
598 963 710 1005 idem
745 963 955 1005 sentiant:
993 964 1304 1005 coniunctiuum
1333 966 1522 1005 sentiant
1551 963 1685 1006 codice
1717 963 1764 1005 M

263 1030 465 1072 traditum
496 1032 674 1086 recipere
703 1045 784 1075 non
814 1032 1028 1081 debebam,
1062 1044 1155 1074 cum
1187 1045 1235 1074 ex
1266 1033 1471 1075 constanti
1500 1033 1654 1074 dicendi
1687 1044 1766 1073 usu

264 1098 536 1142 indicatiuum
567 1103 659 1154 post
705 1102 780 1143 etsi
815 1101 1011 1144 adhibeat
1040 1101 1307 1155 Claudianus,
1340 1101 1391 1143 cf.
1424 1101 1492 1152 22,
1527 1101 1591 1142 16.
1624 1100 1692 1152 32,
1723 1099 1764 1142 3.

264 1168 304 1210 4.
336 1168 404 1220 43,
426 1170 464 1210 8.
494 1169 561 1220 75,
584 1170 621 1211 7.
645 1170 712 1222 81,
737 1170 801 1213 19.
825 1170 918 1222 106,
945 1170 1010 1212 16.
1033 1194 1086 1200 —
1108 1170 1176 1220 24,
1201 1170 1255 1211 14
1273 1170 1346 1211 ubi
1366 1169 1526 1224 leyendi
1540 1181 1765 1222 proqressu

264 1236 471 1293 reliquum
520 1237 708 1280 lectionis
752 1238 920 1289 accessi,
967 1238 1258 1280 animaduerti
1296 1238 1544 1291 quibusdam
1583 1237 1763 1278 circum-

266 1305 543 1347 locutionibus
579 1306 626 1348 id
662 1307 884 1359 inpensius
921 1305 1159 1348 molientem
1204 1306 1327 1359 opelli
1371 1306 1507 1359 ipsius
1538 1308 1760 1357 auctorem,

265 1375 313 1414 ut
349 1375 564 1417 diuinitas
586 1375 811 1428 passibilis
850 1375 1105 1418 crederetur:
1154 1376 1305 1417 codicis
1337 1375 1383 1417 M
1413 1375 1536 1417 lectio
1568 1374 1763 1416 animad-

264 1443 373 1485 uerti
412 1444 518 1497 (rell.
563 1444 876 1498 animaduerto)
918 1445 1051 1486 eidem
1087 1457 1232 1487 causae
1274 1444 1474 1497 originem
1506 1444 1662 1495 debuit,
1695 1442 1763 1485 cui

264 1512 385 1554 lectio
425 1512 627 1555 librorum
656 1513 872 1554 ABDEF
904 1514 944 1555 et
974 1512 1133 1554 Schotti
1174 1512 1381 1564 credatur,
1413 1513 1570 1554 scilicet
1600 1513 1648 1554 111
1678 1514 1763 1555 usi-

263 1583 353 1622 tata
382 1581 618 1634 temporum
649 1581 884 1623 consecutio
914 1580 1219 1623 restitueretur.
1258 1581 1329 1622 sed
1359 1581 1549 1622 neutram
1571 1580 1765 1622 correcti-

267 1661 386 1690 onem
417 1649 693 1691 necessariam
723 1662 812 1691 esse
843 1650 884 1691 31
913 1649 957 1691 111
989 1650 1155 1691 rarioris
1185 1649 1320 1701 huius,
1352 1661 1431 1702 qua
1460 1650 1646 1701 tempora
1676 1661 1763 1691 sese

266 1717 485 1771 excipiunt,
503 1718 672 1760 rationis
689 1719 871 1771 exemplo
887 1731 969 1760 non
987 1731 1072 1760 esse
1089 1718 1374 1761 offendendum
1392 1717 1622 1770 complures
1640 1715 1764 1759 Clau-

266 1786 378 1829 diani
407 1788 486 1829 loci
523 1787 567 1829 in
598 1787 733 1829 indice
762 1788 899 1829 nostro
932 1787 1001 1828 III
1041 1787 1226 1841 congesti
1272 1787 1569 1829 demonstrant.
1621 1785 1764 1829 dubito

267 1855 407 1905 etiam,
448 1868 547 1897 num
587 1868 666 1898 uox
704 1856 927 1909 inpensius
966 1855 1101 1898 codice
1131 1855 1177 1897 M
1214 1856 1323 1897 recte
1365 1855 1521 1898 tradita
1561 1855 1631 1904 sit,
1672 1867 1765 1897 cum

266 1925 569 1978 comparatiuus
608 1926 749 1968 contra
790 1924 1006 1967 Claudiani
1046 1924 1207 1967 dicendi
1245 1937 1376 1980 genus
1415 1925 1639 1977 usurpatus
1680 1936 1764 1966 esse

265 1994 456 2036 uideatur
490 1995 574 2047 (37,
596 1995 651 2036 22
677 1995 830 2048 legitur
860 1994 1037 2048 inpenso
1062 2007 1181 2048 opere
1201 1994 1388 2049 nititur),
1419 1997 1461 2035 et
1483 1993 1589 2046 quod
1612 1993 1765 2035 habent

265 2062 412 2115 reliqui
450 2063 546 2105 libri
583 2063 784 2116 inpendio
822 2063 1085 2105 confirmetur
1123 2064 1210 2105 loco
1250 2062 1382 2105 altero
1415 2062 1481 2113 37,
1518 2062 1545 2103 9
1575 2075 1661 2102 non
1691 2061 1761 2102 in-

260 2131 416 2182 pendio
447 2131 676 2173 emolienda
705 2134 817 2183 sunt,
848 2131 922 2173 ubi
953 2132 1095 2174 eadem
1125 2144 1204 2174 uox
1235 2145 1329 2173 cum
1361 2131 1504 2172 eodem
1526 2129 1650 2171 uerbo
1685 2131 1764 2184 (e)-

266 2199 462 2242 moliendi
500 2201 720 2242 coniuncta
756 2201 923 2255 legitur.
975 2201 1114 2254 itaque
1154 2199 1449 2242 animaduerto
1492 2201 1532 2240 et
1562 2198 1764 2251 inpendio

266 2269 527 2310 scribendum
558 2281 648 2310 esse
676 2269 788 2323 puto.
812 2293 865 2299 -—
891 2269 959 2320 25,
991 2270 1018 2311 5
1057 2302 1067 2312 .
1086 2303 1093 2311 .
1114 2302 1124 2312 .
1153 2268 1281 2310 donec
1310 2267 1469 2322 tertiae,
1501 2269 1548 2307 ut
1576 2266 1668 2308 illic
1689 2269 1759 2317 est,

259 2339 427 2389 partem
457 2336 715 2389 quaestionis
744 2337 971 2390 inqredior.
1022 2337 1119 2379 hinc
1152 2338 1225 2392 (M,
1252 2336 1319 2378 hic
1339 2336 1446 2389 rell.)
1480 2335 1569 2376 iam
1590 2347 1677 2376 non
1696 2348 1763 2376 ecc-

261 2405 487 2460 ploranda,
520 2406 589 2447 sed
620 2405 877 2458 explodenda
906 2406 1112 2448 sententia
1140 2418 1406 2459 nequaquam
1418 2403 1541 2456 pensi
1561 2403 1764 2445 sermonis

266 2475 488 2527 adparuit:
517 2475 650 2527 primo
681 2475 828 2516 obtutu
858 2475 957 2516 hinc
994 2475 1222 2517 rectissime
1251 2487 1295 2516 se
1325 2474 1475 2516 habere
1506 2473 1683 2525 uidetur,
1716 2475 1763 2514 ut

267 2543 472 2597 significet
505 2542 600 2584 inde
629 2545 681 2584 ab
710 2542 789 2584 hac
820 2543 945 2585 tertia
974 2544 1232 2596 quaestionis
1247 2544 1385 2596 parte.
1435 2541 1506 2583 sed
1527 2553 1606 2582 non
1629 2542 1762 2595 magis

266 2611 492 2665 genuinum
530 2624 630 2667 esse,
678 2624 804 2665 quam
847 2613 939 2661 108,
971 2613 999 2653 4
1039 2612 1137 2654 hinc
1179 2612 1251 2666 (M,
1284 2611 1351 2653 hic
1389 2610 1498 2664 rell.)
1529 2609 1656 2650 etiam
1686 2608 1762 2650 tibi

268 2680 582 2721 Maronianum
619 2679 730 2722 illud
767 2680 974 2733 obicerem,
1008 2694 1116 2723 nunc
1145 2682 1248 2723 mihi
1279 2679 1474 2735 persuasi,
1507 2690 1602 2720 cum
1632 2678 1763 2720 altera
