<?xml version="1.0" encoding="UTF-8"?>
<!DOCTYPE html PUBLIC "-//W3C//DTD XHTML 1.0 Transitional//EN"
    "http://www.w3.org/TR/xhtml1/DTD/xhtml1-transitional.dtd">
<html xmlns="http://www.w3.org/1999/xhtml" xml:lang="en" lang="en">
 <head>
  <title>
</title>
<meta http-equiv="Content-Type" content="text/html;charset=utf-8" />
  <meta name='ocr-system' content='tesseract 3.04.00' />
  <meta name='ocr-capabilities' content='ocr_page ocr_carea ocr_par ocr_line ocrx_word'/>
</head>
<body>
  <div class='ocr_page' id='page_1' title='image "./corpusscriptorum11clauuoft_0044.png"; bbox 0 0 1884 2998; ppageno 0'>
   <div class='ocr_carea' id='block_1_1' title="bbox 274 209 458 241">
    <p class='ocr_par' dir='ltr' id='par_1_1' title="bbox 274 209 458 241">
     <span class='ocr_line' id='line_1_1' title="bbox 274 209 458 241; baseline -0.011 0"><span class='ocrx_word' id='word_1_1' title='bbox 274 209 458 241; x_wconf 86' lang='lat' dir='ltr'>XXXVIII</span> 
     </span>
    </p>
   </div>
   <div class='ocr_carea' id='block_1_2' title="bbox 271 319 1780 2503">
    <p class='ocr_par' dir='ltr' id='par_1_2' title="bbox 271 319 1780 2503">
     <span class='ocr_line' id='line_1_2' title="bbox 274 319 1775 376; baseline -0.001 -11"><span class='ocrx_word' id='word_1_2' title='bbox 274 323 430 365; x_wconf 86' lang='lat' dir='ltr'><em>tatione</em></span> <span class='ocrx_word' id='word_1_3' title='bbox 461 321 506 364; x_wconf 92' lang='lat' dir='ltr'><em>in</em></span> <span class='ocrx_word' id='word_1_4' title='bbox 535 322 697 364; x_wconf 82' lang='lat' dir='ltr'><em>textum</em></span> <span class='ocrx_word' id='word_1_5' title='bbox 726 321 905 376; x_wconf 87' lang='lat' dir='ltr'><em>recipere</em></span> <span class='ocrx_word' id='word_1_6' title='bbox 938 320 1152 362; x_wconf 84' lang='lat' dir='ltr'><strong>debebam.</strong></span> <span class='ocrx_word' id='word_1_7' title='bbox 1195 332 1449 374; x_wconf 91' lang='lat' dir='ltr'><em>quamquam</em></span> <span class='ocrx_word' id='word_1_8' title='bbox 1469 319 1581 363; x_wconf 86' lang='lat' dir='ltr'><em>enim</em></span> <span class='ocrx_word' id='word_1_9' title='bbox 1612 323 1775 363; x_wconf 83' lang='lat' dir='ltr'><em>exstare</em></span> 
     </span>
     <span class='ocr_line' id='line_1_3' title="bbox 274 388 1776 445; baseline -0.001 -12"><span class='ocrx_word' id='word_1_10' title='bbox 274 391 457 445; x_wconf 85' lang='lat' dir='ltr'><em>potuisse</em></span> <span class='ocrx_word' id='word_1_11' title='bbox 486 390 663 433; x_wconf 87' lang='lat' dir='ltr'><em>uerbum</em></span> <span class='ocrx_word' id='word_1_12' title='bbox 683 390 969 441; x_wconf 82' lang='lat' dir='ltr'><em>subordinare,</em></span> <span class='ocrx_word' id='word_1_13' title='bbox 1002 389 1045 431; x_wconf 91' lang='lat' dir='ltr'><em>in</em></span> <span class='ocrx_word' id='word_1_14' title='bbox 1070 400 1150 443; x_wconf 90' lang='lat' dir='ltr'><em>quo</em></span> <span class='ocrx_word' id='word_1_15' title='bbox 1172 388 1374 431; x_wconf 80' lang='lat' dir='ltr'><em>ordinare</em></span> <span class='ocrx_word' id='word_1_16' title='bbox 1394 390 1563 432; x_wconf 86' lang='lat' dir='ltr'><em>eandem</em></span> <span class='ocrx_word' id='word_1_17' title='bbox 1584 389 1776 432; x_wconf 84' lang='lat' dir='ltr'><em>habuerit</em></span> 
     </span>
     <span class='ocr_line' id='line_1_4' title="bbox 274 456 1773 513; baseline -0.001 -12"><span class='ocrx_word' id='word_1_18' title='bbox 274 458 633 511; x_wconf 86' lang='lat' dir='ltr'><em>significationem,</em></span> <span class='ocrx_word' id='word_1_19' title='bbox 665 471 791 513; x_wconf 87' lang='lat' dir='ltr'><em>quam</em></span> <span class='ocrx_word' id='word_1_20' title='bbox 821 458 984 512; x_wconf 87' lang='lat' dir='ltr'><em>saepius</em></span> <span class='ocrx_word' id='word_1_21' title='bbox 1016 459 1124 512; x_wconf 89' lang='lat' dir='ltr'><em>apud</em></span> <span class='ocrx_word' id='word_1_22' title='bbox 1147 456 1392 500; x_wconf 85' lang='lat' dir='ltr'><em>Suetonium</em></span> <span class='ocrx_word' id='word_1_23' title='bbox 1422 456 1607 511; x_wconf 87' lang='lat' dir='ltr'><em>aliosque</em></span> <span class='ocrx_word' id='word_1_24' title='bbox 1637 457 1773 511; x_wconf 88' lang='lat' dir='ltr'><em>poste—</em></span> 
     </span>
     <span class='ocr_line' id='line_1_5' title="bbox 273 525 1775 582; baseline -0.001 -14"><span class='ocrx_word' id='word_1_25' title='bbox 273 527 394 569; x_wconf 84' lang='lat' dir='ltr'><em>rioris</em></span> <span class='ocrx_word' id='word_1_26' title='bbox 438 526 588 569; x_wconf 87' lang='lat' dir='ltr'><em>aetatis</em></span> <span class='ocrx_word' id='word_1_27' title='bbox 625 527 844 581; x_wconf 88' lang='lat' dir='ltr'><em>scriptores</em></span> <span class='ocrx_word' id='word_1_28' title='bbox 878 526 947 582; x_wconf 83' lang='lat' dir='ltr'><em>(of.</em></span> <span class='ocrx_word' id='word_1_29' title='bbox 979 539 1015 569; x_wconf 92' lang='lat' dir='ltr'><em>o.</em></span> <span class='ocrx_word' id='word_1_30' title='bbox 1046 526 1323 580; x_wconf 78' lang='lat' dir='ltr'><em>mayistratus</em></span> <span class='ocrx_word' id='word_1_31' title='bbox 1344 543 1397 562; x_wconf 95' lang='lat'><strong><em>=</em></strong></span> <span class='ocrx_word' id='word_1_32' title='bbox 1419 538 1581 578; x_wconf 84' lang='lat' dir='ltr'><em>creare,</em></span> <span class='ocrx_word' id='word_1_33' title='bbox 1620 538 1657 568; x_wconf 91' lang='grc' dir='ltr'><em>ο.</em></span> <span class='ocrx_word' id='word_1_34' title='bbox 1689 525 1775 567; x_wconf 85' lang='lat' dir='ltr'><em>ali-</em></span> 
     </span>
     <span class='ocr_line' id='line_1_6' title="bbox 274 593 1776 651; baseline -0.002 -13"><span class='ocrx_word' id='word_1_35' title='bbox 274 609 394 651; x_wconf 76' lang='lat' dir='ltr'><em>quem</em></span> <span class='ocrx_word' id='word_1_36' title='bbox 424 614 478 634; x_wconf 90' lang='lat'>=</span> <span class='ocrx_word' id='word_1_37' title='bbox 509 608 664 638; x_wconf 78' lang='lat' dir='ltr'><em>munus</em></span> <span class='ocrx_word' id='word_1_38' title='bbox 694 594 827 638; x_wconf 81' lang='lat' dir='ltr'><em>alicui</em></span> <span class='ocrx_word' id='word_1_39' title='bbox 855 594 1062 637; x_wconf 83' lang='lat' dir='ltr'><em>mandare</em></span> <span class='ocrx_word' id='word_1_40' title='bbox 1091 593 1159 636; x_wconf 79' lang='lat' dir='ltr'><em>uel</em></span> <span class='ocrx_word' id='word_1_41' title='bbox 1189 593 1380 649; x_wconf 82' lang='lat' dir='ltr'><em>deferre),</em></span> <span class='ocrx_word' id='word_1_42' title='bbox 1422 593 1482 636; x_wconf 89' lang='lat' dir='ltr'><em>ita</em></span> <span class='ocrx_word' id='word_1_43' title='bbox 1510 595 1558 635; x_wconf 91' lang='lat' dir='ltr'><em>ut</em></span> <span class='ocrx_word' id='word_1_44' title='bbox 1587 594 1776 636; x_wconf 81' lang='lat' dir='ltr'><em>subordi-</em></span> 
     </span>
     <span class='ocr_line' id='line_1_7' title="bbox 272 661 1778 716; baseline -0.002 -10"><span class='ocrx_word' id='word_1_45' title='bbox 272 667 401 706; x_wconf 78' lang='lat' dir='ltr'><em>natus</em></span> <span class='ocrx_word' id='word_1_46' title='bbox 441 664 554 706; x_wconf 87' lang='lat' dir='ltr'><em>idem</em></span> <span class='ocrx_word' id='word_1_47' title='bbox 591 664 728 706; x_wconf 90' lang='lat' dir='ltr'><em>ualeat</em></span> <span class='ocrx_word' id='word_1_48' title='bbox 768 676 815 706; x_wconf 83' lang='lat' dir='ltr'><em>ac</em></span> <span class='ocrx_word' id='word_1_49' title='bbox 843 662 1108 713; x_wconf 77' lang='lat' dir='ltr'><em>subornatus,</em></span> <span class='ocrx_word' id='word_1_50' title='bbox 1149 663 1291 716; x_wconf 84' lang='lat' dir='ltr'><em>negari</em></span> <span class='ocrx_word' id='word_1_51' title='bbox 1329 673 1411 703; x_wconf 91' lang='lat' dir='ltr'><em>non</em></span> <span class='ocrx_word' id='word_1_52' title='bbox 1449 661 1600 715; x_wconf 88' lang='lat' dir='ltr'><em>potest,</em></span> <span class='ocrx_word' id='word_1_53' title='bbox 1638 662 1778 704; x_wconf 84' lang='lat' dir='ltr'><em>tamen</em></span> 
     </span>
     <span class='ocr_line' id='line_1_8' title="bbox 272 730 1777 785; baseline -0.003 -10"><span class='ocrx_word' id='word_1_54' title='bbox 272 732 523 775; x_wconf 74' lang='lat' dir='ltr'><em>subornatus</em></span> <span class='ocrx_word' id='word_1_55' title='bbox 553 735 601 775; x_wconf 90' lang='lat' dir='ltr'><em>ut</em></span> <span class='ocrx_word' id='word_1_56' title='bbox 632 743 741 774; x_wconf 83' lang='lat' dir='ltr'><em>nunc</em></span> <span class='ocrx_word' id='word_1_57' title='bbox 771 731 950 774; x_wconf 84' lang='lat' dir='ltr'><em>scribam</em></span> <span class='ocrx_word' id='word_1_58' title='bbox 981 743 1240 773; x_wconf 86' lang='lat' dir='ltr'><em>commoueor</em></span> <span class='ocrx_word' id='word_1_59' title='bbox 1269 730 1358 772; x_wconf 90' lang='grc'>1000</span> <span class='ocrx_word' id='word_1_60' title='bbox 1390 730 1518 772; x_wconf 86' lang='lat' dir='ltr'><em>simili</em></span> <span class='ocrx_word' id='word_1_61' title='bbox 1544 730 1694 785; x_wconf 80' lang='lat' dir='ltr'><strong>Apulei</strong></span> <span class='ocrx_word' id='word_1_62' title='bbox 1729 731 1777 772; x_wconf 89' lang='lat' dir='ltr'><em>de</em></span> 
     </span>
     <span class='ocr_line' id='line_1_9' title="bbox 275 798 1779 855; baseline -0.001 -13"><span class='ocrx_word' id='word_1_63' title='bbox 275 813 386 855; x_wconf 80' lang='lat' dir='ltr'><em>mag.</em></span> <span class='ocrx_word' id='word_1_64' title='bbox 423 813 457 844; x_wconf 90' lang='grc'>0.</span> <span class='ocrx_word' id='word_1_65' title='bbox 489 800 556 850; x_wconf 82' lang='grc'><em>67,</em></span> <span class='ocrx_word' id='word_1_66' title='bbox 601 800 672 843; x_wconf 91' lang='lat' dir='ltr'><em>ubi</em></span> <span class='ocrx_word' id='word_1_67' title='bbox 717 801 993 843; x_wconf 78' lang='lat' dir='ltr'><em>subornatum</em></span> <span class='ocrx_word' id='word_1_68' title='bbox 1038 801 1315 841; x_wconf 78' lang='lat' dir='ltr'><em>accusatorem</em></span> <span class='ocrx_word' id='word_1_69' title='bbox 1359 799 1495 841; x_wconf 86' lang='lat' dir='ltr'><em>exstat</em></span> <span class='ocrx_word' id='word_1_70' title='bbox 1540 799 1605 852; x_wconf 87' lang='lat' dir='ltr'><strong>(cf.</strong></span> <span class='ocrx_word' id='word_1_71' title='bbox 1651 798 1779 841; x_wconf 90' lang='lat' dir='ltr'><em>etiam</em></span> 
     </span>
     <span class='ocr_line' id='line_1_10' title="bbox 273 867 1779 925; baseline 0 -16"><span class='ocrx_word' id='word_1_72' title='bbox 273 867 412 910; x_wconf 85' lang='lat' dir='ltr'>Sidon.</span> <span class='ocrx_word' id='word_1_73' title='bbox 453 868 590 922; x_wconf 88' lang='lat' dir='ltr'><strong>Apoll.</strong></span> <span class='ocrx_word' id='word_1_74' title='bbox 624 868 742 922; x_wconf 91' lang='lat' dir='ltr'><em>epist.</em></span> <span class='ocrx_word' id='word_1_75' title='bbox 774 869 795 911; x_wconf 90' lang='grc' dir='ltr'>Ι</span> <span class='ocrx_word' id='word_1_76' title='bbox 829 870 914 925; x_wconf 92' lang='grc'>11).</span> <span class='ocrx_word' id='word_1_77' title='bbox 969 870 1062 920; x_wconf 89' lang='grc'>101,</span> <span class='ocrx_word' id='word_1_78' title='bbox 1103 869 1160 910; x_wconf 90' lang='grc'><em>20</em></span> <span class='ocrx_word' id='word_1_79' title='bbox 1198 868 1531 921; x_wconf 76' lang='lat' dir='ltr'><em>transcensisque</em></span> <span class='ocrx_word' id='word_1_80' title='bbox 1569 867 1779 921; x_wconf 89' lang='lat' dir='ltr'><em>corporeis</em></span> 
     </span>
     <span class='ocr_line' id='line_1_11' title="bbox 273 936 1779 980; baseline -0.001 -2"><span class='ocrx_word' id='word_1_81' title='bbox 273 937 465 979; x_wconf 79' lang='lat' dir='ltr'><em>omnibus</em></span> <span class='ocrx_word' id='word_1_82' title='bbox 513 937 695 979; x_wconf 89' lang='lat' dir='ltr'><em>emirata</em></span> <span class='ocrx_word' id='word_1_83' title='bbox 750 937 876 980; x_wconf 76' lang='lat' dir='ltr'><em>illum</em></span> <span class='ocrx_word' id='word_1_84' title='bbox 933 937 1126 979; x_wconf 79' lang='lat' dir='ltr'><em>uidelicet</em></span> <span class='ocrx_word' id='word_1_85' title='bbox 1174 936 1469 978; x_wconf 76' lang='lat' dir='ltr'><em>uniuersitatis</em></span> <span class='ocrx_word' id='word_1_86' title='bbox 1526 936 1640 978; x_wconf 79' lang='lat' dir='ltr'><em>uidit</em></span> <span class='ocrx_word' id='word_1_87' title='bbox 1694 948 1779 978; x_wconf 87' lang='lat' dir='ltr'><em>esse</em></span> 
     </span>
     <span class='ocr_line' id='line_1_12' title="bbox 272 1004 1778 1060; baseline 0 -12"><span class='ocrx_word' id='word_1_88' title='bbox 272 1008 495 1048; x_wconf 81' lang='lat' dir='ltr'><em>creatorem</em></span> <span class='ocrx_word' id='word_1_89' title='bbox 546 1007 722 1060; x_wconf 85' lang='lat' dir='ltr'><em>repetita</em></span> <span class='ocrx_word' id='word_1_90' title='bbox 771 1018 818 1048; x_wconf 83' lang='lat' dir='ltr'><em>ex</em></span> <span class='ocrx_word' id='word_1_91' title='bbox 867 1006 1059 1048; x_wconf 80' lang='lat' dir='ltr'><em>omnibus</em></span> <span class='ocrx_word' id='word_1_92' title='bbox 1108 1007 1249 1048; x_wconf 87' lang='lat' dir='ltr'><em>littera</em></span> <span class='ocrx_word' id='word_1_93' title='bbox 1286 1017 1307 1047; x_wconf 89' lang='lat' dir='ltr'><em>s</em></span> <span class='ocrx_word' id='word_1_94' title='bbox 1351 1006 1488 1047; x_wconf 85' lang='lat' dir='ltr'><em>ortum</em></span> <span class='ocrx_word' id='word_1_95' title='bbox 1533 1006 1597 1047; x_wconf 86' lang='lat' dir='ltr'><em>est</em></span> <span class='ocrx_word' id='word_1_96' title='bbox 1641 1004 1685 1047; x_wconf 90' lang='lat' dir='ltr'><em>in</em></span> <span class='ocrx_word' id='word_1_97' title='bbox 1725 1004 1778 1048; x_wconf 60' lang='grc' dir='ltr'><em>ΕΠΖ</em></span> 
     </span>
     <span class='ocr_line' id='line_1_13' title="bbox 272 1074 1779 1129; baseline 0 -13"><span class='ocrx_word' id='word_1_98' title='bbox 272 1087 313 1116; x_wconf 92' lang='lat' dir='ltr'><em>se</em></span> <span class='ocrx_word' id='word_1_99' title='bbox 355 1074 517 1116; x_wconf 88' lang='lat' dir='ltr'><em>mirata</em></span> <span class='ocrx_word' id='word_1_100' title='bbox 562 1075 630 1126; x_wconf 84' lang='lat' dir='ltr'><em>(of.</em></span> <span class='ocrx_word' id='word_1_101' title='bbox 663 1074 714 1129; x_wconf 87' lang='lat' dir='ltr'><em>G)</em></span> <span class='ocrx_word' id='word_1_102' title='bbox 764 1076 805 1117; x_wconf 87' lang='lat' dir='ltr'><em>et</em></span> <span class='ocrx_word' id='word_1_103' title='bbox 853 1074 897 1116; x_wconf 90' lang='lat' dir='ltr'><em>in</em></span> <span class='ocrx_word' id='word_1_104' title='bbox 942 1074 1112 1128; x_wconf 89' lang='lat' dir='ltr'><em>reliquis</em></span> <span class='ocrx_word' id='word_1_105' title='bbox 1155 1074 1272 1116; x_wconf 89' lang='lat' dir='ltr'><em>libris</em></span> <span class='ocrx_word' id='word_1_106' title='bbox 1316 1075 1530 1117; x_wconf 85' lang='lat' dir='ltr'><em>uocalibus</em></span> <span class='ocrx_word' id='word_1_107' title='bbox 1584 1075 1694 1117; x_wconf 89' lang='lat' dir='ltr'><em>inter</em></span> <span class='ocrx_word' id='word_1_108' title='bbox 1736 1087 1779 1117; x_wconf 87' lang='lat' dir='ltr'><em>se</em></span> 
     </span>
     <span class='ocr_line' id='line_1_14' title="bbox 272 1143 1777 1198; baseline 0 -13"><span class='ocrx_word' id='word_1_109' title='bbox 272 1143 452 1185; x_wconf 86' lang='lat' dir='ltr'><em>confusis</em></span> <span class='ocrx_word' id='word_1_110' title='bbox 493 1143 699 1185; x_wconf 86' lang='lat' dir='ltr'><em>semerita.</em></span> <span class='ocrx_word' id='word_1_111' title='bbox 750 1144 799 1185; x_wconf 89' lang='lat' dir='ltr'><em>de</em></span> <span class='ocrx_word' id='word_1_112' title='bbox 837 1143 906 1194; x_wconf 89' lang='lat'><em>95,</em></span> <span class='ocrx_word' id='word_1_113' title='bbox 948 1143 999 1184; x_wconf 87' lang='lat'><em>17</em></span> <span class='ocrx_word' id='word_1_114' title='bbox 1038 1143 1149 1185; x_wconf 90' lang='lat' dir='ltr'><em>intro</em></span> <span class='ocrx_word' id='word_1_115' title='bbox 1187 1143 1347 1196; x_wconf 89' lang='lat' dir='ltr'><em>inspice</em></span> <span class='ocrx_word' id='word_1_116' title='bbox 1386 1146 1423 1185; x_wconf 90' lang='lat' dir='ltr'><em>te</em></span> <span class='ocrx_word' id='word_1_117' title='bbox 1460 1143 1510 1185; x_wconf 82' lang='lat' dir='ltr'><em>de</em></span> <span class='ocrx_word' id='word_1_118' title='bbox 1540 1145 1576 1184; x_wconf 93' lang='lat' dir='ltr'><em>te</em></span> <span class='ocrx_word' id='word_1_119' title='bbox 1604 1143 1714 1198; x_wconf 87' lang='lat' dir='ltr'><em>ipsa,</em></span> <span class='ocrx_word' id='word_1_120' title='bbox 1755 1156 1777 1185; x_wconf 90' lang='lat' dir='ltr'><em>o</em></span> 
     </span>
     <span class='ocr_line' id='line_1_15' title="bbox 271 1210 1778 1267; baseline 0.001 -15"><span class='ocrx_word' id='word_1_121' title='bbox 271 1210 462 1253; x_wconf 75' lang='lat' dir='ltr'><em>humana</em></span> <span class='ocrx_word' id='word_1_122' title='bbox 491 1212 653 1266; x_wconf 86' lang='lat' dir='ltr'><em>anima,</em></span> <span class='ocrx_word' id='word_1_123' title='bbox 685 1214 723 1254; x_wconf 90' lang='lat' dir='ltr'><em>et</em></span> <span class='ocrx_word' id='word_1_124' title='bbox 752 1214 790 1254; x_wconf 91' lang='lat' dir='ltr'><em>te</em></span> <span class='ocrx_word' id='word_1_125' title='bbox 818 1211 1076 1266; x_wconf 90' lang='lat' dir='ltr'><em>memine[re]</em></span> <span class='ocrx_word' id='word_1_126' title='bbox 1113 1211 1164 1253; x_wconf 84' lang='lat' dir='ltr'><em>cf.</em></span> <span class='ocrx_word' id='word_1_127' title='bbox 1197 1223 1289 1265; x_wconf 85' lang='lat' dir='ltr'><em>pag.</em></span> <span class='ocrx_word' id='word_1_128' title='bbox 1321 1211 1478 1253; x_wconf 90' lang='lat' dir='ltr'>XXIII.</span> <span class='ocrx_word' id='word_1_129' title='bbox 1505 1236 1560 1243; x_wconf 97' lang='lat'>—</span> <span class='ocrx_word' id='word_1_130' title='bbox 1582 1210 1778 1267; x_wconf 84' lang='lat' dir='ltr'><em>Singulae</em></span> 
     </span>
     <span class='ocr_line' id='line_1_16' title="bbox 271 1279 1780 1335; baseline 0 -13"><span class='ocrx_word' id='word_1_131' title='bbox 271 1291 391 1322; x_wconf 82' lang='lat' dir='ltr'><em>uoces</em></span> <span class='ocrx_word' id='word_1_132' title='bbox 430 1280 533 1323; x_wconf 88' lang='lat' dir='ltr'><em>falso</em></span> <span class='ocrx_word' id='word_1_133' title='bbox 572 1281 736 1322; x_wconf 89' lang='lat' dir='ltr'><em>additae</em></span> <span class='ocrx_word' id='word_1_134' title='bbox 775 1281 874 1322; x_wconf 89' lang='lat' dir='ltr'><em>sunt</em></span> <span class='ocrx_word' id='word_1_135' title='bbox 908 1281 970 1332; x_wconf 90' lang='lat'><em>14,</em></span> <span class='ocrx_word' id='word_1_136' title='bbox 1002 1280 1056 1321; x_wconf 83' lang='lat'><em>21</em></span> <span class='ocrx_word' id='word_1_137' title='bbox 1088 1279 1163 1321; x_wconf 75' lang='lat' dir='ltr'><em>sub</em></span> <span class='ocrx_word' id='word_1_138' title='bbox 1200 1280 1437 1322; x_wconf 74' lang='lat' dir='ltr'><em>dominicae</em></span> <span class='ocrx_word' id='word_1_139' title='bbox 1471 1280 1780 1335; x_wconf 73' lang='lat' dir='ltr'><em>[praeceptione</em></span> 
     </span>
     <span class='ocr_line' id='line_1_17' title="bbox 271 1348 1778 1403; baseline 0.001 -14"><span class='ocrx_word' id='word_1_140' title='bbox 271 1348 575 1403; x_wconf 83' lang='lat' dir='ltr'><em>ordinationis]</em></span> <span class='ocrx_word' id='word_1_141' title='bbox 645 1349 776 1391; x_wconf 77' lang='lat' dir='ltr'><em>oculis</em></span> <span class='ocrx_word' id='word_1_142' title='bbox 840 1348 1059 1403; x_wconf 78' lang='lat' dir='ltr'><em>yenitricis</em></span> <span class='ocrx_word' id='word_1_143' title='bbox 1134 1348 1278 1402; x_wconf 83' lang='lat' dir='ltr'><em>(uerba</em></span> <span class='ocrx_word' id='word_1_144' title='bbox 1335 1349 1452 1391; x_wconf 83' lang='lat' dir='ltr'><em>uncis</em></span> <span class='ocrx_word' id='word_1_145' title='bbox 1515 1348 1679 1391; x_wconf 85' lang='lat' dir='ltr'><em>inclusa</em></span> <span class='ocrx_word' id='word_1_146' title='bbox 1737 1352 1778 1391; x_wconf 83' lang='lat' dir='ltr'><em>et</em></span> 
     </span>
     <span class='ocr_line' id='line_1_18' title="bbox 272 1417 1774 1470; baseline 0.002 -12"><span class='ocrx_word' id='word_1_147' title='bbox 272 1417 316 1458; x_wconf 92' lang='lat' dir='ltr'><em>in</em></span> <span class='ocrx_word' id='word_1_148' title='bbox 347 1417 490 1459; x_wconf 85' lang='lat' dir='ltr'><em>Fausti</em></span> <span class='ocrx_word' id='word_1_149' title='bbox 535 1417 672 1460; x_wconf 83' lang='lat' dir='ltr'><em>codice</em></span> <span class='ocrx_word' id='word_1_150' title='bbox 712 1420 753 1459; x_wconf 90' lang='lat' dir='ltr'><em>et</em></span> <span class='ocrx_word' id='word_1_151' title='bbox 792 1417 866 1459; x_wconf 92' lang='lat' dir='ltr'><em>ubi</em></span> <span class='ocrx_word' id='word_1_152' title='bbox 912 1418 1026 1460; x_wconf 86' lang='lat' dir='ltr'><em>locus</em></span> <span class='ocrx_word' id='word_1_153' title='bbox 1060 1430 1084 1459; x_wconf 89' lang='lat' dir='ltr'><em>a</em></span> <span class='ocrx_word' id='word_1_154' title='bbox 1112 1417 1317 1459; x_wconf 80' lang='lat' dir='ltr'><em>Mamerto</em></span> <span class='ocrx_word' id='word_1_155' title='bbox 1365 1418 1561 1459; x_wconf 89' lang='lat' dir='ltr'><em>laudatur</em></span> <span class='ocrx_word' id='word_1_156' title='bbox 1593 1418 1774 1470; x_wconf 85' lang='lat' dir='ltr'><em>desunt),</em></span> 
     </span>
     <span class='ocr_line' id='line_1_19' title="bbox 275 1486 1776 1543; baseline 0.001 -16"><span class='ocrx_word' id='word_1_157' title='bbox 275 1486 368 1537; x_wconf 85' lang='lat'>115,</span> <span class='ocrx_word' id='word_1_158' title='bbox 415 1486 441 1528; x_wconf 92' lang='grc'><strong>6</strong></span> <span class='ocrx_word' id='word_1_159' title='bbox 486 1486 629 1527; x_wconf 82' lang='lat' dir='ltr'><em>metiri</em></span> <span class='ocrx_word' id='word_1_160' title='bbox 671 1499 795 1539; x_wconf 87' lang='lat' dir='ltr'><em>posse</em></span> <span class='ocrx_word' id='word_1_161' title='bbox 837 1486 1058 1539; x_wconf 79' lang='lat' dir='ltr'><em>mundum,</em></span> <span class='ocrx_word' id='word_1_162' title='bbox 1105 1486 1225 1528; x_wconf 78' lang='lat' dir='ltr'><em>cuius</em></span> <span class='ocrx_word' id='word_1_163' title='bbox 1270 1499 1343 1527; x_wconf 89' lang='lat' dir='ltr'><em>aer</em></span> <span class='ocrx_word' id='word_1_164' title='bbox 1386 1486 1513 1527; x_wconf 87' lang='lat' dir='ltr'><em>tertia</em></span> <span class='ocrx_word' id='word_1_165' title='bbox 1549 1499 1661 1539; x_wconf 88' lang='lat' dir='ltr'><em>pars</em></span> <span class='ocrx_word' id='word_1_166' title='bbox 1706 1490 1776 1543; x_wconf 82' lang='lat' dir='ltr'><em>est,</em></span> 
     </span>
     <span class='ocr_line' id='line_1_20' title="bbox 277 1554 1777 1610; baseline 0.001 -15"><span class='ocrx_word' id='word_1_167' title='bbox 277 1554 459 1609; x_wconf 78' lang='lat' dir='ltr'><em>[quarto]</em></span> <span class='ocrx_word' id='word_1_168' title='bbox 509 1555 597 1597; x_wconf 91' lang='lat' dir='ltr'><em>iam</em></span> <span class='ocrx_word' id='word_1_169' title='bbox 642 1556 840 1610; x_wconf 87' lang='lat' dir='ltr'><em>constitit,</em></span> <span class='ocrx_word' id='word_1_170' title='bbox 887 1555 959 1598; x_wconf 85' lang='lat' dir='ltr'><em>ubi</em></span> <span class='ocrx_word' id='word_1_171' title='bbox 1004 1558 1152 1609; x_wconf 78' lang='lat' dir='ltr'><em>quarto</em></span> <span class='ocrx_word' id='word_1_172' title='bbox 1191 1557 1361 1609; x_wconf 80' lang='lat' dir='ltr'><em>(quarta</em></span> <span class='ocrx_word' id='word_1_173' title='bbox 1393 1554 1579 1609; x_wconf 79' lang='lat' dir='ltr'>DEFG)</span> <span class='ocrx_word' id='word_1_174' title='bbox 1629 1555 1777 1608; x_wconf 88' lang='lat' dir='ltr'><em>deleui,</em></span> 
     </span>
     <span class='ocr_line' id='line_1_21' title="bbox 273 1623 1778 1680; baseline 0.001 -16"><span class='ocrx_word' id='word_1_175' title='bbox 273 1635 369 1664; x_wconf 91' lang='lat' dir='ltr'><em>nam</em></span> <span class='ocrx_word' id='word_1_176' title='bbox 415 1624 616 1677; x_wconf 87' lang='lat' dir='ltr'><em>quomodo</em></span> <span class='ocrx_word' id='word_1_177' title='bbox 662 1624 877 1679; x_wconf 73' lang='lat' dir='ltr'><em>irrepserit</em></span> <span class='ocrx_word' id='word_1_178' title='bbox 916 1624 1044 1666; x_wconf 86' lang='lat' dir='ltr'><em>etiam</em></span> <span class='ocrx_word' id='word_1_179' title='bbox 1083 1635 1195 1666; x_wconf 85' lang='lat' dir='ltr'><em>nuno</em></span> <span class='ocrx_word' id='word_1_180' title='bbox 1240 1623 1362 1666; x_wconf 81' lang='lat' dir='ltr'><em>facile</em></span> <span class='ocrx_word' id='word_1_181' title='bbox 1402 1623 1633 1680; x_wconf 71' lang='lat' dir='ltr'><em>dispicitur,</em></span> <span class='ocrx_word' id='word_1_182' title='bbox 1682 1637 1778 1666; x_wconf 85' lang='lat' dir='ltr'><em>oum</em></span> 
     </span>
     <span class='ocr_line' id='line_1_22' title="bbox 276 1691 1773 1748; baseline 0.001 -16"><span class='ocrx_word' id='word_1_183' title='bbox 276 1691 400 1732; x_wconf 89' lang='lat' dir='ltr'><em>tertia</em></span> <span class='ocrx_word' id='word_1_184' title='bbox 431 1704 455 1734; x_wconf 90' lang='lat' dir='ltr'><em>a</em></span> <span class='ocrx_word' id='word_1_185' title='bbox 484 1692 604 1734; x_wconf 90' lang='lat' dir='ltr'><em>libris</em></span> <span class='ocrx_word' id='word_1_186' title='bbox 642 1694 804 1746; x_wconf 87' lang='lat' dir='ltr'><em>praeter</em></span> <span class='ocrx_word' id='word_1_187' title='bbox 834 1691 880 1734; x_wconf 90' lang='lat' dir='ltr'>M</span> <span class='ocrx_word' id='word_1_188' title='bbox 918 1694 1037 1736; x_wconf 88' lang='lat' dir='ltr'><em>absit.</em></span> <span class='ocrx_word' id='word_1_189' title='bbox 1070 1716 1125 1722; x_wconf 92' lang='lat'>—</span> <span class='ocrx_word' id='word_1_190' title='bbox 1159 1692 1254 1747; x_wconf 80' lang='lat'><em>121,</em></span> <span class='ocrx_word' id='word_1_191' title='bbox 1289 1692 1340 1735; x_wconf 91' lang='lat'><em>18</em></span> <span class='ocrx_word' id='word_1_192' title='bbox 1376 1692 1489 1734; x_wconf 79' lang='lat' dir='ltr'><em>unde</em></span> <span class='ocrx_word' id='word_1_193' title='bbox 1517 1695 1668 1744; x_wconf 82' lang='lat' dir='ltr'><em>autem,</em></span> <span class='ocrx_word' id='word_1_194' title='bbox 1705 1694 1773 1748; x_wconf 87' lang='lat' dir='ltr'><em>[si]</em></span> 
     </span>
     <span class='ocr_line' id='line_1_23' title="bbox 274 1759 1778 1815; baseline 0.002 -14"><span class='ocrx_word' id='word_1_195' title='bbox 274 1759 349 1802; x_wconf 77' lang='lat' dir='ltr'><em>hoc</em></span> <span class='ocrx_word' id='word_1_196' title='bbox 368 1762 438 1812; x_wconf 86' lang='lat' dir='ltr'><em>est,</em></span> <span class='ocrx_word' id='word_1_197' title='bbox 471 1774 550 1814; x_wconf 75' lang='lat' dir='ltr'><em>quo</em></span> <span class='ocrx_word' id='word_1_198' title='bbox 573 1761 796 1814; x_wconf 85' lang='lat' dir='ltr'><em>principio</em></span> <span class='ocrx_word' id='word_1_199' title='bbox 818 1761 977 1803; x_wconf 88' lang='lat' dir='ltr'><em>nescire</em></span> <span class='ocrx_word' id='word_1_200' title='bbox 997 1774 1039 1803; x_wconf 89' lang='lat' dir='ltr'><em>se</em></span> <span class='ocrx_word' id='word_1_201' title='bbox 1059 1761 1163 1803; x_wconf 84' lang='lat' dir='ltr'><em>dicit</em></span> <span class='ocrx_word' id='word_1_202' title='bbox 1183 1762 1480 1803; x_wconf 72' lang='lat' dir='ltr'><em>restituendam</em></span> <span class='ocrx_word' id='word_1_203' title='bbox 1501 1774 1588 1803; x_wconf 88' lang='lat' dir='ltr'><em>esse</em></span> <span class='ocrx_word' id='word_1_204' title='bbox 1610 1762 1778 1815; x_wconf 88' lang='lat' dir='ltr'><em>phrasin</em></span> 
     </span>
     <span class='ocr_line' id='line_1_24' title="bbox 275 1826 1778 1884; baseline 0.001 -14"><span class='ocrx_word' id='word_1_205' title='bbox 275 1826 503 1871; x_wconf 86' lang='lat' dir='ltr'><em>Claudiano</em></span> <span class='ocrx_word' id='word_1_206' title='bbox 553 1829 875 1872; x_wconf 85' lang='lat' dir='ltr'><em>usitatissimam</em></span> <span class='ocrx_word' id='word_1_207' title='bbox 924 1828 998 1871; x_wconf 77' lang='lat' dir='ltr'><em>hoc</em></span> <span class='ocrx_word' id='word_1_208' title='bbox 1048 1832 1108 1871; x_wconf 95' lang='lat' dir='ltr'><em>est</em></span> <span class='ocrx_word' id='word_1_209' title='bbox 1157 1829 1325 1884; x_wconf 88' lang='lat' dir='ltr'><em>ideoque</em></span> <span class='ocrx_word' id='word_1_210' title='bbox 1375 1829 1413 1871; x_wconf 88' lang='lat' dir='ltr'><em>si</em></span> <span class='ocrx_word' id='word_1_211' title='bbox 1462 1830 1778 1884; x_wconf 86' lang='lat' dir='ltr'><em>expungendum</em></span> 
     </span>
     <span class='ocr_line' id='line_1_25' title="bbox 275 1897 1779 1950; baseline 0.001 -11"><span class='ocrx_word' id='word_1_212' title='bbox 275 1897 557 1939; x_wconf 83' lang='lat' dir='ltr'><em>certissimum</em></span> <span class='ocrx_word' id='word_1_213' title='bbox 600 1898 704 1940; x_wconf 90' lang='lat' dir='ltr'><em>mihi</em></span> <span class='ocrx_word' id='word_1_214' title='bbox 749 1899 824 1940; x_wconf 88' lang='lat' dir='ltr'><em>est.</em></span> <span class='ocrx_word' id='word_1_215' title='bbox 855 1922 910 1929; x_wconf 94' lang='lat'>—</span> <span class='ocrx_word' id='word_1_216' title='bbox 945 1898 1039 1950; x_wconf 81' lang='lat'>123,</span> <span class='ocrx_word' id='word_1_217' title='bbox 1083 1898 1106 1940; x_wconf 82' lang='lat'><strong>7</strong></span> <span class='ocrx_word' id='word_1_218' title='bbox 1152 1898 1372 1940; x_wconf 85' lang='lat' dir='ltr'><em>mendacio</em></span> <span class='ocrx_word' id='word_1_219' title='bbox 1416 1901 1539 1940; x_wconf 88' lang='lat' dir='ltr'><em>semet</em></span> <span class='ocrx_word' id='word_1_220' title='bbox 1578 1899 1779 1941; x_wconf 86' lang='lat' dir='ltr'><em>scientiae</em></span> 
     </span>
     <span class='ocr_line' id='line_1_26' title="bbox 273 1964 1778 2022; baseline 0.002 -15"><span class='ocrx_word' id='word_1_221' title='bbox 273 1964 446 2021; x_wconf 80' lang='lat' dir='ltr'><em>fallunt,</em></span> <span class='ocrx_word' id='word_1_222' title='bbox 479 1966 587 2008; x_wconf 82' lang='lat' dir='ltr'><em>alios</em></span> <span class='ocrx_word' id='word_1_223' title='bbox 607 1967 785 2009; x_wconf 82' lang='lat' dir='ltr'><em>docendo</em></span> <span class='ocrx_word' id='word_1_224' title='bbox 805 1966 1025 2020; x_wconf 80' lang='lat' dir='ltr'><em>decipiunt</em></span> <span class='ocrx_word' id='word_1_225' title='bbox 1059 1966 1198 2022; x_wconf 81' lang='lat' dir='ltr'><em>[alios]</em></span> <span class='ocrx_word' id='word_1_226' title='bbox 1223 1966 1378 2021; x_wconf 75' lang='lat' dir='ltr'><em>Lysiae</em></span> <span class='ocrx_word' id='word_1_227' title='bbox 1407 1966 1566 2009; x_wconf 80' lang='lat' dir='ltr'><em>similes</em></span> <span class='ocrx_word' id='word_1_228' title='bbox 1596 1967 1778 2010; x_wconf 87' lang='lat' dir='ltr'><em>alterum</em></span> 
     </span>
     <span class='ocr_line' id='line_1_27' title="bbox 271 2033 1777 2090; baseline 0.002 -15"><span class='ocrx_word' id='word_1_229' title='bbox 271 2033 380 2076; x_wconf 83' lang='lat' dir='ltr'><em>alios</em></span> <span class='ocrx_word' id='word_1_230' title='bbox 424 2047 497 2088; x_wconf 85' lang='lat' dir='ltr'><em>per</em></span> <span class='ocrx_word' id='word_1_231' title='bbox 538 2035 864 2090; x_wconf 85' lang='lat' dir='ltr'><em>dittographiam</em></span> <span class='ocrx_word' id='word_1_232' title='bbox 909 2037 1047 2077; x_wconf 88' lang='lat' dir='ltr'><em>ortum</em></span> <span class='ocrx_word' id='word_1_233' title='bbox 1087 2048 1176 2078; x_wconf 88' lang='lat' dir='ltr'><em>esse</em></span> <span class='ocrx_word' id='word_1_234' title='bbox 1217 2048 1348 2089; x_wconf 81' lang='lat' dir='ltr'><em>neque</em></span> <span class='ocrx_word' id='word_1_235' title='bbox 1388 2047 1483 2077; x_wconf 85' lang='lat' dir='ltr'><em>cum</em></span> <span class='ocrx_word' id='word_1_236' title='bbox 1521 2035 1695 2078; x_wconf 89' lang='lat' dir='ltr'><em>Barthio</em></span> <span class='ocrx_word' id='word_1_237' title='bbox 1734 2037 1777 2078; x_wconf 92' lang='lat' dir='ltr'><em>in</em></span> 
     </span>
     <span class='ocr_line' id='line_1_28' title="bbox 272 2102 1777 2158; baseline 0.001 -15"><span class='ocrx_word' id='word_1_238' title='bbox 272 2102 394 2144; x_wconf 79' lang='lat' dir='ltr'><em>illius</em></span> <span class='ocrx_word' id='word_1_239' title='bbox 425 2103 712 2158; x_wconf 83' lang='lat' dir='ltr'><em>corrigendum</em></span> <span class='ocrx_word' id='word_1_240' title='bbox 742 2117 830 2147; x_wconf 86' lang='lat' dir='ltr'><em>esse</em></span> <span class='ocrx_word' id='word_1_241' title='bbox 860 2105 946 2147; x_wconf 88' lang='lat' dir='ltr'><em>iam</em></span> <span class='ocrx_word' id='word_1_242' title='bbox 969 2104 1162 2147; x_wconf 84' lang='lat' dir='ltr'><em>Schottus</em></span> <span class='ocrx_word' id='word_1_243' title='bbox 1184 2104 1305 2146; x_wconf 88' lang='lat' dir='ltr'><em>uidit.</em></span> <span class='ocrx_word' id='word_1_244' title='bbox 1328 2129 1384 2135; x_wconf 95' lang='lat'>—</span> <span class='ocrx_word' id='word_1_245' title='bbox 1407 2104 1501 2157; x_wconf 89' lang='lat'>141,</span> <span class='ocrx_word' id='word_1_246' title='bbox 1533 2103 1561 2146; x_wconf 97' lang='lat'>5</span> <span class='ocrx_word' id='word_1_247' title='bbox 1591 2118 1641 2146; x_wconf 89' lang='lat' dir='ltr'><em>ac</em></span> <span class='ocrx_word' id='word_1_248' title='bbox 1661 2103 1777 2147; x_wconf 79' lang='lat' dir='ltr'><em>uelut</em></span> 
     </span>
     <span class='ocr_line' id='line_1_29' title="bbox 271 2172 1778 2228; baseline 0.002 -16"><span class='ocrx_word' id='word_1_249' title='bbox 271 2174 442 2226; x_wconf 78' lang='lat' dir='ltr'><em>royaret</em></span> <span class='ocrx_word' id='word_1_250' title='bbox 474 2173 558 2226; x_wconf 91' lang='lat' dir='ltr'><em>(uel</em></span> <span class='ocrx_word' id='word_1_251' title='bbox 586 2186 769 2227; x_wconf 74' lang='lat' dir='ltr'><em>royares,</em></span> <span class='ocrx_word' id='word_1_252' title='bbox 803 2173 855 2215; x_wconf 86' lang='lat' dir='ltr'><em>cf.</em></span> <span class='ocrx_word' id='word_1_253' title='bbox 885 2173 1014 2228; x_wconf 88' lang='lat' dir='ltr'><em>praef.</em></span> <span class='ocrx_word' id='word_1_254' title='bbox 1038 2186 1130 2227; x_wconf 86' lang='lat' dir='ltr'><em>pag.</em></span> <span class='ocrx_word' id='word_1_255' title='bbox 1152 2173 1286 2226; x_wconf 90' lang='lat' dir='ltr'>XXX)</span> <span class='ocrx_word' id='word_1_256' title='bbox 1319 2173 1556 2228; x_wconf 76' lang='lat' dir='ltr'><em>yeminanti</em></span> <span class='ocrx_word' id='word_1_257' title='bbox 1581 2173 1649 2228; x_wconf 89' lang='lat' dir='ltr'><em>[et]</em></span> <span class='ocrx_word' id='word_1_258' title='bbox 1675 2172 1778 2226; x_wconf 79' lang='lat' dir='ltr'><em>quid</em></span> 
     </span>
     <span class='ocr_line' id='line_1_30' title="bbox 271 2239 1776 2297; baseline 0.001 -16"><span class='ocrx_word' id='word_1_259' title='bbox 271 2240 322 2282; x_wconf 88' lang='lat' dir='ltr'><em>in</em></span> <span class='ocrx_word' id='word_1_260' title='bbox 349 2239 422 2282; x_wconf 79' lang='lat' dir='ltr'><em>hoc</em></span> <span class='ocrx_word' id='word_1_261' title='bbox 447 2241 609 2283; x_wconf 79' lang='lat' dir='ltr'><em>ueritas</em></span> <span class='ocrx_word' id='word_1_262' title='bbox 630 2241 804 2284; x_wconf 79' lang='lat' dir='ltr'><em>claudat</em></span> <span class='ocrx_word' id='word_1_263' title='bbox 826 2275 837 2286; x_wconf 93' lang='lat'>.</span> <span class='ocrx_word' id='word_1_264' title='bbox 863 2275 873 2286; x_wconf 86' lang='lat'><strong>.</strong></span> <span class='ocrx_word' id='word_1_265' title='bbox 898 2242 1024 2284; x_wconf 88' lang='lat' dir='ltr'><em>iterat</em></span> <span class='ocrx_word' id='word_1_266' title='bbox 1050 2241 1255 2295; x_wconf 78' lang='lat' dir='ltr'><em>propheta</em></span> <span class='ocrx_word' id='word_1_267' title='bbox 1276 2254 1521 2295; x_wconf 80' lang='lat' dir='ltr'><em>responsum</em></span> <span class='ocrx_word' id='word_1_268' title='bbox 1541 2253 1621 2283; x_wconf 91' lang='lat' dir='ltr'><em>non</em></span> <span class='ocrx_word' id='word_1_269' title='bbox 1643 2241 1776 2297; x_wconf 88' lang='lat' dir='ltr'><em>uideo,</em></span> 
     </span>
     <span class='ocr_line' id='line_1_31' title="bbox 274 2310 1777 2365; baseline 0.001 -15"><span class='ocrx_word' id='word_1_270' title='bbox 274 2320 353 2363; x_wconf 90' lang='lat' dir='ltr'><em>quo</em></span> <span class='ocrx_word' id='word_1_271' title='bbox 390 2310 512 2363; x_wconf 86' lang='lat' dir='ltr'><em>pacto</em></span> <span class='ocrx_word' id='word_1_272' title='bbox 541 2312 578 2351; x_wconf 85' lang='lat' dir='ltr'><em>et</em></span> <span class='ocrx_word' id='word_1_273' title='bbox 608 2310 707 2353; x_wconf 86' lang='lat' dir='ltr'><em>ferri</em></span> <span class='ocrx_word' id='word_1_274' title='bbox 745 2310 889 2365; x_wconf 88' lang='lat' dir='ltr'><em>possit,</em></span> <span class='ocrx_word' id='word_1_275' title='bbox 930 2311 1012 2352; x_wconf 90' lang='lat' dir='ltr'><em>nisi</em></span> <span class='ocrx_word' id='word_1_276' title='bbox 1048 2312 1282 2365; x_wconf 87' lang='lat' dir='ltr'><em>grauiorem</em></span> <span class='ocrx_word' id='word_1_277' title='bbox 1313 2310 1447 2353; x_wconf 85' lang='lat' dir='ltr'><em>adhuc</em></span> <span class='ocrx_word' id='word_1_278' title='bbox 1477 2311 1605 2352; x_wconf 87' lang='lat' dir='ltr'><em>latere</em></span> <span class='ocrx_word' id='word_1_279' title='bbox 1636 2321 1777 2352; x_wconf 85' lang='lat' dir='ltr'><em>corru-</em></span> 
     </span>
     <span class='ocr_line' id='line_1_32' title="bbox 272 2377 1779 2431; baseline 0.001 -12"><span class='ocrx_word' id='word_1_280' title='bbox 272 2377 430 2431; x_wconf 87' lang='lat' dir='ltr'><em>ptelam</em></span> <span class='ocrx_word' id='word_1_281' title='bbox 474 2378 712 2421; x_wconf 85' lang='lat' dir='ltr'><em>statuimus.</em></span> <span class='ocrx_word' id='word_1_282' title='bbox 762 2378 893 2421; x_wconf 86' lang='lat' dir='ltr'><em>simili</em></span> <span class='ocrx_word' id='word_1_283' title='bbox 938 2379 1060 2421; x_wconf 90' lang='lat' dir='ltr'><em>modo</em></span> <span class='ocrx_word' id='word_1_284' title='bbox 1106 2379 1374 2421; x_wconf 85' lang='lat' dir='ltr'><em>iudicandum</em></span> <span class='ocrx_word' id='word_1_285' title='bbox 1420 2379 1483 2421; x_wconf 83' lang='lat' dir='ltr'><em>est</em></span> <span class='ocrx_word' id='word_1_286' title='bbox 1527 2378 1578 2420; x_wconf 86' lang='lat' dir='ltr'><em>de</em></span> <span class='ocrx_word' id='word_1_287' title='bbox 1626 2378 1719 2430; x_wconf 89' lang='lat'>108,</span> <span class='ocrx_word' id='word_1_288' title='bbox 1749 2377 1779 2420; x_wconf 90' lang='lat'>4</span> 
     </span>
     <span class='ocr_line' id='line_1_33' title="bbox 277 2445 1567 2503; baseline 0 -16"><span class='ocrx_word' id='word_1_289' title='bbox 277 2445 340 2500; x_wconf 87' lang='lat' dir='ltr'><em>[ob</em></span> <span class='ocrx_word' id='word_1_290' title='bbox 370 2445 457 2500; x_wconf 78' lang='lat' dir='ltr'><em>hoc]</em></span> <span class='ocrx_word' id='word_1_291' title='bbox 492 2449 533 2489; x_wconf 85' lang='lat' dir='ltr'><em>et</em></span> <span class='ocrx_word' id='word_1_292' title='bbox 563 2446 631 2503; x_wconf 88' lang='lat'><em>83,</em></span> <span class='ocrx_word' id='word_1_293' title='bbox 668 2448 720 2490; x_wconf 87' lang='lat'><em>15</em></span> <span class='ocrx_word' id='word_1_294' title='bbox 756 2447 892 2503; x_wconf 90' lang='lat' dir='ltr'><em>[non]‚</em></span> <span class='ocrx_word' id='word_1_295' title='bbox 924 2460 1029 2501; x_wconf 90' lang='lat' dir='ltr'><em>quae</em></span> <span class='ocrx_word' id='word_1_296' title='bbox 1060 2446 1188 2489; x_wconf 85' lang='lat' dir='ltr'><em>uerba</em></span> <span class='ocrx_word' id='word_1_297' title='bbox 1218 2446 1302 2488; x_wconf 91' lang='lat' dir='ltr'><em>iam</em></span> <span class='ocrx_word' id='word_1_298' title='bbox 1333 2447 1370 2491; x_wconf 85' lang='lat' dir='ltr'><strong>G</strong></span> <span class='ocrx_word' id='word_1_299' title='bbox 1400 2447 1567 2490; x_wconf 86' lang='lat' dir='ltr'><em>deleuit.</em></span> 
     </span>
    </p>
   </div>
   <div class='ocr_carea' id='block_1_3' title="bbox 274 2525 1778 2856">
    <p class='ocr_par' dir='ltr' id='par_1_3' title="bbox 274 2525 1778 2856">
     <span class='ocr_line' id='line_1_34' title="bbox 331 2525 1778 2582; baseline 0 -14"><span class='ocrx_word' id='word_1_300' title='bbox 331 2527 388 2569; x_wconf 89' lang='lat' dir='ltr'><em>II.</em></span> <span class='ocrx_word' id='word_1_301' title='bbox 427 2526 549 2569; x_wconf 86' lang='lat' dir='ltr'><em>Falso</em></span> <span class='ocrx_word' id='word_1_302' title='bbox 587 2527 776 2582; x_wconf 85' lang='lat' dir='ltr'><em>singulae</em></span> <span class='ocrx_word' id='word_1_303' title='bbox 806 2528 971 2570; x_wconf 87' lang='lat' dir='ltr'><em>litterae</em></span> <span class='ocrx_word' id='word_1_304' title='bbox 1002 2527 1187 2582; x_wconf 84' lang='lat' dir='ltr'><em>syllabae</em></span> <span class='ocrx_word' id='word_1_305' title='bbox 1226 2538 1345 2569; x_wconf 85' lang='lat' dir='ltr'><em>uoces</em></span> <span class='ocrx_word' id='word_1_306' title='bbox 1375 2525 1551 2569; x_wconf 88' lang='lat' dir='ltr'><em>omissae</em></span> <span class='ocrx_word' id='word_1_307' title='bbox 1585 2527 1704 2568; x_wconf 88' lang='lat' dir='ltr'><em>erant</em></span> <span class='ocrx_word' id='word_1_308' title='bbox 1733 2526 1778 2568; x_wconf 94' lang='lat' dir='ltr'><em>in</em></span> 
     </span>
     <span class='ocr_line' id='line_1_35' title="bbox 277 2594 1777 2653; baseline 0 -15"><span class='ocrx_word' id='word_1_309' title='bbox 277 2594 523 2650; x_wconf 80' lang='lat' dir='ltr'><em>archetypo:</em></span> <span class='ocrx_word' id='word_1_310' title='bbox 572 2596 639 2646; x_wconf 91' lang='lat'><em>11,</em></span> <span class='ocrx_word' id='word_1_311' title='bbox 670 2596 696 2638; x_wconf 89' lang='grc'>8</span> <span class='ocrx_word' id='word_1_312' title='bbox 730 2594 875 2652; x_wconf 79' lang='lat' dir='ltr'><em>(aut),</em></span> <span class='ocrx_word' id='word_1_313' title='bbox 919 2598 982 2646; x_wconf 87' lang='grc'><em>11,</em></span> <span class='ocrx_word' id='word_1_314' title='bbox 1017 2597 1066 2638; x_wconf 92' lang='grc'><em>11</em></span> <span class='ocrx_word' id='word_1_315' title='bbox 1103 2594 1208 2653; x_wconf 77' lang='lat' dir='ltr'><em>&lt;ei&gt;‚</em></span> <span class='ocrx_word' id='word_1_316' title='bbox 1259 2597 1324 2645; x_wconf 91' lang='grc'><em>11,</em></span> <span class='ocrx_word' id='word_1_317' title='bbox 1359 2595 1411 2637; x_wconf 90' lang='grc'><em>13</em></span> <span class='ocrx_word' id='word_1_318' title='bbox 1445 2594 1601 2651; x_wconf 85' lang='lat' dir='ltr'><em>&lt;iam&gt;‚</em></span> <span class='ocrx_word' id='word_1_319' title='bbox 1651 2594 1717 2648; x_wconf 88' lang='lat'><em>13,</em></span> <span class='ocrx_word' id='word_1_320' title='bbox 1748 2595 1777 2638; x_wconf 87' lang='lat'>5</span> 
     </span>
     <span class='ocr_line' id='line_1_36' title="bbox 277 2662 1776 2721; baseline 0 -16"><span class='ocrx_word' id='word_1_321' title='bbox 277 2664 448 2720; x_wconf 78' lang='lat' dir='ltr'><em>&lt;sensus</em></span> <span class='ocrx_word' id='word_1_322' title='bbox 485 2676 580 2707; x_wconf 81' lang='lat' dir='ltr'><em>suos</em></span> <span class='ocrx_word' id='word_1_323' title='bbox 616 2664 775 2721; x_wconf 78' lang='lat' dir='ltr'><em>uelut),</em></span> <span class='ocrx_word' id='word_1_324' title='bbox 824 2666 891 2716; x_wconf 90' lang='grc'><em>13,</em></span> <span class='ocrx_word' id='word_1_325' title='bbox 925 2665 949 2707; x_wconf 83' lang='grc'>7</span> <span class='ocrx_word' id='word_1_326' title='bbox 983 2664 1119 2721; x_wconf 68' lang='lat' dir='ltr'><em>(sui),</em></span> <span class='ocrx_word' id='word_1_327' title='bbox 1168 2665 1234 2715; x_wconf 88' lang='lat'><em>15,</em></span> <span class='ocrx_word' id='word_1_328' title='bbox 1269 2664 1320 2706; x_wconf 89' lang='grc'><em>12</em></span> <span class='ocrx_word' id='word_1_329' title='bbox 1354 2664 1468 2720; x_wconf 87' lang='lat' dir='ltr'><em>&lt;non</em></span> <span class='ocrx_word' id='word_1_330' title='bbox 1497 2662 1658 2719; x_wconf 82' lang='lat' dir='ltr'><em>habet&gt;‚</em></span> <span class='ocrx_word' id='word_1_331' title='bbox 1705 2667 1776 2717; x_wconf 89' lang='lat' dir='ltr'><em>qui</em></span> 
     </span>
     <span class='ocr_line' id='line_1_37' title="bbox 274 2732 1777 2788; baseline -0.001 -13"><span class='ocrx_word' id='word_1_332' title='bbox 274 2733 354 2776; x_wconf 90' lang='grc'>1001</span> <span class='ocrx_word' id='word_1_333' title='bbox 399 2733 554 2788; x_wconf 88' lang='lat' dir='ltr'><em>integri</em></span> <span class='ocrx_word' id='word_1_334' title='bbox 595 2734 756 2776; x_wconf 87' lang='lat' dir='ltr'><em>exstant</em></span> <span class='ocrx_word' id='word_1_335' title='bbox 795 2734 838 2775; x_wconf 89' lang='lat' dir='ltr'><em>in</em></span> <span class='ocrx_word' id='word_1_336' title='bbox 868 2734 1014 2776; x_wconf 85' lang='lat' dir='ltr'><em>Fausti</em></span> <span class='ocrx_word' id='word_1_337' title='bbox 1060 2733 1199 2776; x_wconf 87' lang='lat' dir='ltr'><em>codice</em></span> <span class='ocrx_word' id='word_1_338' title='bbox 1229 2733 1273 2775; x_wconf 88' lang='lat' dir='ltr'><em>Z.</em></span> <span class='ocrx_word' id='word_1_339' title='bbox 1325 2734 1536 2786; x_wconf 85' lang='lat' dir='ltr'><em>praeterea</em></span> <span class='ocrx_word' id='word_1_340' title='bbox 1574 2732 1777 2786; x_wconf 84' lang='lat' dir='ltr'><em>sagaciter</em></span> 
     </span>
     <span class='ocr_line' id='line_1_38' title="bbox 274 2798 1776 2856; baseline -0.002 -12"><span class='ocrx_word' id='word_1_341' title='bbox 274 2801 486 2845; x_wconf 86' lang='lat' dir='ltr'><em>Hartelius</em></span> <span class='ocrx_word' id='word_1_342' title='bbox 519 2802 586 2852; x_wconf 85' lang='lat'><em>17,</em></span> <span class='ocrx_word' id='word_1_343' title='bbox 618 2802 673 2844; x_wconf 89' lang='lat'><em>15</em></span> <span class='ocrx_word' id='word_1_344' title='bbox 703 2815 754 2844; x_wconf 77' lang='lat' dir='ltr'><em>ex</em></span> <span class='ocrx_word' id='word_1_345' title='bbox 783 2801 950 2844; x_wconf 80' lang='lat' dir='ltr'><em>nullius</em></span> <span class='ocrx_word' id='word_1_346' title='bbox 978 2802 1091 2844; x_wconf 91' lang='lat' dir='ltr'><em>enim</em></span> <span class='ocrx_word' id='word_1_347' title='bbox 1118 2802 1315 2856; x_wconf 79' lang='lat' dir='ltr'><em>facturae</em></span> <span class='ocrx_word' id='word_1_348' title='bbox 1343 2813 1560 2853; x_wconf 85' lang='lat' dir='ltr'><em>corporeae</em></span> <span class='ocrx_word' id='word_1_349' title='bbox 1590 2798 1776 2842; x_wconf 87' lang='lat' dir='ltr'><em>materia</em></span> 
     </span>
    </p>
   </div>
  </div>
 </body>
</html>
