1884 2998
560 99 797 134 uerborum
826 102 869 134 et
893 100 1186 135 locutionum.

158 269 214 311 61,
239 268 269 302 7.

90 315 208 349 forum
232 312 444 357 quadratum
472 312 547 354 112,
574 312 605 346 8.

90 360 186 394 fotus
200 359 358 394 alternus
372 358 499 392 caloris
514 368 551 391 ac
570 358 715 399 frigoris
726 358 800 400 149,
813 359 845 393 8.

90 405 284 450 fraglantia
307 403 362 445 46,
381 402 433 438 17.
458 402 513 445 68,
531 403 584 437 11.
617 404 670 444 76,
691 404 731 437 17
761 404 846 447 (fra-

157 450 299 530 g‘llaptia
315 449 533 535 {flagrantia}
545 449 639 491 libri,
651 449 847 493 fragrantia

161 506 178 530 e
204 507 217 529 τ
235 505 312 529 ores
330 521 335 527 .

91 541 242 585 fraglare
267 539 320 581 43,
340 538 395 574 23.
421 539 474 580 76,
504 538 559 572 21.
581 538 660 583 205,
691 539 734 573 13
760 540 845 582 (fra-

159 586 258 631 glare
277 585 449 630 [flagrare]
476 585 563 619 libri
578 585 628 619 ad
644 596 760 620 unum
776 596 845 621 om-

90 629 625 719 ΐῐειζέἰέῗηξῖἳξῐῐέἔὲῑξὲἱῖῧηὲ)0

90 722 291 767 frequentia
315 721 605 756 comminutionis
629 721 684 763 64,
709 722 740 757 6.

93 768 264 847 frigfgtia
294 767 401 801 uerba
425 767 478 808 51,
505 766 558 800 17.
592 767 767 811 frigentia
791 767 845 808 43,

91 859 207 903 frigus
230 857 286 899 43,
313 857 365 891 13.
394 857 552 891 brumale
570 857 624 901 72,
645 857 698 892 19.
724 857 846 892 infide-

160 904 277 938 litatis
304 903 380 944 125,
405 903 436 937 8.

90 949 298 993 fringultire
324 948 663 992 suggillatiunculas
689 948 766 992 137,
791 948 822 983 3.

91 994 222 1029 friuola
248 994 322 1036 175,
350 994 403 1028 11.

92 1041 227 1075 fructus
253 1041 421 1075 scientiae
449 1039 524 1082 122,
553 1039 606 1073 10.

92 1086 282 1121 frustratio
307 1086 438 1119 uirium
465 1085 539 1120 187.
566 1085 620 1120 20.

92 1132 208 1166 frutex
233 1131 286 1173 72,
312 1131 342 1165 2.
371 1130 423 1169 74,
452 1130 504 1165 16.
532 1130 608 1172 193,
634 1132 666 1165 6.

93 1178 212 1222 fulgor
248 1178 373 1212 solaris
412 1176 487 1217 149,
521 1176 552 1209 4.
595 1177 714 1220 aliquo
746 1176 848 1211 nobis

161 1223 300 1268 fulgore
324 1223 520 1257 subrutilat
546 1221 623 1262 113,
651 1222 703 1257 11.

95 1267 302 1303 fundatores
328 1268 492 1302 ecclesiae
517 1267 571 1308 25,
597 1268 652 1302 20.

97 1314 242 1348 fundere
281 1325 397 1358 preces
429 1313 484 1355 36,
512 1313 565 1346 17.
613 1325 708 1348 cassa
732 1324 849 1347 rerum
880 1326 882 1359 3

160 1359 271 1394 uerba
310 1359 384 1400 123,
422 1359 453 1393 8.
492 1358 595 1393 fundi
631 1360 670 1393 in
706 1359 847 1394 mollem

162 1416 275 1440 aerem
302 1405 378 1445 140,
406 1405 438 1439 6.

93 1450 226 1485 fundus
251 1451 305 1492 45,
333 1451 386 1485 16.

93 1496 195 1531 furax
219 1496 404 1530 meditatio
431 1495 506 1537 186,
532 1495 587 1530 25.

92 1541 208 1576 furiae
235 1542 312 1583 204,
339 1542 393 1576 28.

93 1587 264 1630 futurum
280 1592 420 1632 tempus
431 1598 504 1631 pro
519 1587 723 1631 praesenti:
748 1587 850 1621 iuxta.

162 1634 351 1668 necessarii
388 1634 458 1667 mei
495 1635 690 1667 tractatum
726 1632 849 1667 huma-

162 1690 228 1713 nae
264 1679 488 1713 substantiae
524 1679 686 1723 angelica
721 1680 850 1713 natura

164 1725 232 1760 erit
255 1724 401 1759 inferior
426 1724 481 1766 57,
515 1724 570 1758 12.
601 1725 695 1759 sicut
718 1724 757 1759 in
783 1725 849 1758 tri-

162 1771 266 1815 gonis
299 1773 335 1805 et
366 1771 564 1814 tetragonis
596 1771 727 1813 puncta
755 1772 850 1811 sunt,

166 1816 216 1851 sic
240 1817 274 1850 in
303 1816 435 1850 circulo
453 1817 529 1850 eius
546 1815 702 1850 medium
720 1817 849 1860 puncto

164 1861 404 1906 possidebitur
421 1861 476 1904 91,
495 1861 527 1896 2.
544 1863 606 1895 aut
622 1862 741 1896 anima
758 1861 850 1896 loca·
882 1868 884 1895 ’.

166 1908 212 1941 lis
245 1908 323 1949 erit,
357 1909 419 1941 aut
443 1918 559 1942 secum
584 1908 666 1941 tota
689 1917 759 1941 non
785 1908 853 1941 erit
882 1910 884 1943 ἒ

167 1953 244 1995 109,
271 1952 324 1987 13.
357 1953 472 1997 igitur
496 1953 526 1987 si
551 1952 718 1996 splendor
749 1953 851 1987 nobis
883 1954 885 1980 i

167 1999 375 2039 subrutilat,
402 1998 598 2032 necessario
624 1998 852 2033 admonebere

91 224 219 259 fortius
248 231 415 267 quaerere
444 221 611 257 abstrusa
637 222 712 264 101,
739 222 769 258 5.
798 224 844 266 cf.

879 892 883 997 ἱ

1572 103 1657 146 233

972 224 1123 258 rationis
1155 223 1209 266 25,
1243 224 1296 258 11.
1335 225 1420 268 quid
1456 235 1577 259 causae
1601 229 1656 260 est

973 269 1027 311 91,
1055 269 1107 303 16.
1133 270 1164 303 si
1188 270 1273 313 quid
1298 271 1492 313 spatiorum
1518 270 1593 308 113.
1620 271 1652 305 2.

969 315 1055 358 quid
1092 315 1212 359 culpae
1242 314 1318 355 141,
1344 315 1364 348 2
1389 319 1450 349 etc.
1479 336 1515 339 —
1544 316 1656 350 omni-

969 370 1029 394 um
1065 360 1182 403 potior
1218 359 1295 398 205,
1339 360 1367 394 1.
1403 379 1448 386 —
1471 361 1656 396 fraudatus

968 406 1137 448 temporis
1169 406 1204 439 et
1234 408 1424 448 occupatus
1456 407 1565 440 animi
1600 407 1655 450 19,

968 450 999 485 3.
1030 450 1148 492 segnis
1175 450 1407 484 redhibendae
1433 451 1653 486 uicissitudi-

968 496 1024 530 nis
1051 495 1126 538 134,
1155 495 1207 529 16.
1235 495 1364 529 dubius
1384 497 1507 538 proelii
1527 497 1600 536 107,
1620 497 1652 530 3.

967 552 1082 575 rerum
1100 541 1231 575 callens
1250 540 1325 582 107,
1345 541 1398 575 16.
1424 552 1521 576 cassa
1538 553 1653 577 rerum

968 586 1076 621 uerba
1114 586 1189 628 123,
1214 586 1245 620 8.
1283 588 1403 620 mutus
1435 587 1655 632 eloquentiae

971 632 1048 676 136,
1082 632 1136 666 25.
1171 632 1348 666 sollicitus
1379 632 1494 666 famae
1519 632 1594 673 139,
1620 633 1652 667 9.

969 678 1115 712 Graecia
1128 677 1367 712 doctrinarum
1379 679 1564 719 angustior
1577 678 1656 721 204,

971 723 1025 757 11.
1043 723 1253 766 disciplinae
1270 722 1401 757 nobilis
1417 722 1494 765 204,
1513 723 1546 756 2.
1564 724 1657 768 uigi-

971 769 1036 803 dus
1054 768 1192 803 consilii
1219 768 1294 809 171,
1312 767 1354 802 21
1382 768 1456 809 (sed
1471 769 1655 804 intellectu

971 813 1117 859 uigidus
1135 813 1210 855 181,
1226 813 1274 856 5).
1291 813 1420 848 uiridis
1437 814 1526 856 aeui,
1542 817 1657 849 matu-

970 871 1030 894 rus
1060 859 1182 901 animi,
1216 862 1330 893 terrae
1363 859 1538 903 dispuens,
1568 860 1656 894 caeli

972 905 1149 949 adpetens,
1183 905 1331 939 humilis
1357 905 1496 948 spiritu,
1526 905 1656 940 arduus

971 952 1099 986 merito
1130 960 1169 984 ac
1199 949 1342 994 perinde
1374 950 1510 994 ingenii
1543 951 1657 986 subti-

972 997 1139 1038 lissimus,
1166 995 1334 1030 scientiae
1359 996 1493 1040 plenus,
1523 996 1656 1040 eloquii

972 1042 1128 1087 profluus
1143 1041 1218 1083 135,
1234 1041 1278 1075 14
1290 1052 1361 1085 sqq.
1374 1061 1419 1067 —
1432 1043 1550 1077 anima
1564 1043 1659 1076 uiso-

971 1099 1051 1122 rum
1082 1088 1206 1122 recolit
1240 1086 1295 1129 68,
1323 1086 1353 1120 1.
1390 1087 1427 1121 in
1462 1090 1580 1122 mente
1604 1088 1659 1122 est

971 1134 1100 1168 amoris
1114 1133 1169 1167 tui
1186 1133 1241 1174 96,
1254 1133 1285 1166 7.
1305 1143 1369 1176 ego
1388 1133 1657 1177 conscriptionis

971 1179 1208 1222 periclitabor,
1242 1178 1302 1212 sed
1333 1181 1374 1212 tu
1399 1178 1567 1212 editionis
1599 1177 1656 1220 20,

972 1225 1025 1261 15.
1045 1245 1082 1250 —
1100 1235 1178 1259 cum
1191 1224 1284 1258 nihil
1306 1249 1335 1257 ..
1357 1223 1572 1265 disserueris,
1587 1234 1656 1257 non

970 1281 1111 1313 possum
1156 1269 1347 1304 Obliuionis
1393 1269 1504 1303 fuisse
1544 1269 1657 1304 dicere

995 1316 1050 1359 82,
1079 1315 1133 1350 18.

881 1363 1076 1408 {geniti-ix:
1116 1363 1298 1406 poetarum
1343 1371 1438 1395 more
1482 1359 1660 1405 appellare

971 1408 1179 1452 genitricem
1205 1406 1281 1448 163,
1307 1406 1338 1441 2.

881 1418 883 1478 ἔ
904 1455 1058 1500 gentiles
1085 1452 1160 1491 125,
1187 1452 1218 1485 7.

903 1499 1088 1545 gentilitas
1115 1497 1191 1539 125,
1216 1498 1247 1532 9.

904 1546 1085 1592 geometra
1110 1543 1186 1584 108,
1215 1543 1246 1577 8.

904 1591 1154 1637 geometricus:
1196 1599 1230 1631 g.
1259 1589 1402 1632 regulae
1439 1588 1493 1631 19,
1531 1587 1584 1621 15.
1623 1598 1657 1631 g.

972 1636 1161 1679 disciplina
1192 1633 1245 1675 88,
1280 1634 1310 1668 6.
1345 1645 1378 1676 g.
1411 1634 1496 1668 libri
1523 1632 1598 1675 130,
1624 1632 1657 1666 4.

967 1683 1069 1726 plur.
1106 1680 1320 1724 geometrica
1358 1679 1411 1721 81,
1453 1680 1485 1714 6.
1509 1698 1555 1705 —
1580 1689 1660 1722 geo·

970 1727 1118 1762 metrica
1150 1730 1210 1767 (sc.
1236 1728 1306 1768 ars)
1334 1725 1410 1767 105,
1438 1725 1490 1759 10.
1526 1723 1602 1766 174,
1627 1723 1660 1757 4.

882 1818 883 1838 ἶ
904 1829 1025 1865 gerere
1043 1816 1315 1852 similitudinem
1332 1816 1388 1850 dei
1407 1815 1483 1857 155,
1498 1815 1529 1848 2.
1547 1815 1660 1849 offici-

971 1875 1033 1898 um
1060 1862 1135 1905 164,
1161 1862 1192 1896 1.
1218 1872 1340 1906 corpus
1366 1861 1441 1901 166,
1468 1860 1523 1894 23.
1547 1860 1602 1894 24.

906 1921 1048 1956 germen
1082 1908 1138 1950 72,
1170 1906 1224 1943 15.
1275 1907 1474 1951 germinum
1505 1909 1661 1941 tumores

975 1955 1029 1997 74,
1065 1955 1099 1989 9.
1137 1953 1270 1988 radices
1303 1953 1464 1987 arborum
1496 1952 1553 1986 uel
1578 1961 1660 1995 quo·

974 2001 1151 2043 rumpiam
1178 1999 1376 2042 germinum
1403 1997 1457 2039 72,
1483 1997 1537 2031 23.

168 2044 244 2086 113,
271 2044 325 2078 12.
358 2043 405 2086 cf.
432 2043 509 2085 110,
537 2043 588 2078 14.
622 2043 699 2087 124,
733 2043 775 2078 12
820 2048 853 2079 et
906 2046 1083 2094 yequndii
1129 2045 1315 2079 ablatiuus
1356 2054 1429 2087 pro
1471 2043 1661 2077 enuntiato

165 2090 391 2170 {aepissimae
434 2089 521 2124 uide
548 2093 747 2134 praeterea
789 2090 854 2124 sub

185 2146 253 2171 ore.

101 2252 355 2308 Garrientibus
378 2271 485 2316 nugis
512 2271 586 2312 176,
617 2271 648 2306 6.

99 2321 280 2366 gehennae
304 2319 475 2355 incendiis
500 2326 661 2355 aestuare
682 2319 758 2363 170,
778 2319 831 2355 10.

100 2377 236 2412 gemere
260 2365 314 2409 84,
341 2365 397 2400 22.

100 2412 240 2457 gemina
264 2411 413 2446 Graecia
438 2411 514 2454 105,
544 2410 576 2446 2.

102 2459 280 2502 geminare
306 2457 382 2499 141,
407 2457 439 2491 5.

99 2504 262 2549 geneum·
284 2513 374 2538 usus
394 2503 538 2538 rarior:
563 2501 747 2536 nonnullis
764 2501 857 2535 loco-

169 2559 247 2583 rum
272 2548 348 2591 142,
373 2548 405 2583 3.
431 2559 524 2583 nunc
540 2548 696 2582 locorum
722 2546 798 2588 144,
825 2546 857 2582 4.

169 2595 207 2628 id
243 2594 377 2639 gloriae
408 2593 464 2636 56,
494 2594 526 2628 4.
564 2593 606 2627 ad
639 2593 677 2626 id
701 2593 855 2627 locorum

970 2093 1184 2136 plerumque
1212 2089 1402 2133 temporali
1425 2089 1485 2123 uel
1509 2088 1662 2123 modali:

977 2133 1661 2224 Zfflsss'ffiuimsslfflan‘ssssffigffafficffll

976 2239 1071 2263 mam
1092 2206 1292 2271 occupand'o
1311 2225 1431 2267 79,10.
1451 2225 1535 2269 quia
1548 2225 1662 2269 philo-

978 2273 1157 2318 sophicam
1174 2283 1244 2307 non
1261 2271 1500 2314 intellegendo
1525 2271 1663 2304 senten-

979 2319 1072 2354 tiam
1096 2318 1187 2352 illud
1212 2328 1273 2362 pro
1300 2319 1363 2350 tua
1386 2318 1485 2360 parte
1510 2315 1666 2359 posuisti

979 2364 1033 2405 52,
1059 2364 1115 2397 21.
1143 2365 1184 2397 ut
1208 2362 1348 2397 easdem
1365 2361 1538 2405 copiosius
1556 2370 1664 2405 agge-

978 2410 1088 2445 rando
1113 2409 1154 2443 de
1181 2408 1306 2443 alienis
1332 2406 1579 2441 uoluminibus
1597 2417 1666 2440 me·

979 2466 1040 2490 um
1071 2454 1199 2489 faciam
1236 2453 1312 2494 121,
1345 2452 1398 2485 21.
1433 2452 1476 2486 de
1499 2452 1565 2486 hoc
1588 2452 1666 2495 ipso

978 2500 1162 2544 paululum
1199 2497 1422 2533 dissertando
1457 2507 1665 2541 quaeramus

979 2546 1032 2586 88,
1060 2545 1092 2580 8.
1117 2544 1162 2587 cf.
1189 2544 1243 2586 29,
1270 2543 1301 2578 2.
1327 2542 1382 2585 94,
1407 2542 1438 2577 8.
1464 2541 1591 2584 98,19.
1609 2541 1665 2576 24.

980 2592 1056 2632 180,
1083 2591 1103 2625 9
1129 2594 1190 2625 etc.

171 2639 247 2683 131,
282 2639 335 2674 17.
368 2640 405 2674 id
430 2639 566 2684 negotii
597 2638 673 2680 188,
699 2638 732 2674 6.
766 2638 856 2672 illud
907 2637 1152 2683 yerwndiuum
1166 2645 1235 2679 pro
1259 2633 1392 2676 futuro
1406 2633 1564 2676 passini:
1590 2643 1662 2666 cer-

171 2686 310 2730 negotii
337 2685 414 2726 181,
440 2685 472 2719 5.
499 2684 592 2719 nihil
609 2683 784 2735 bonitatis
801 2683 856 2723 38,

171 2730 204 2765 3.
230 2730 275 2773 cf.
295 2730 348 2773 57,
367 2730 398 2765 3.
417 2730 472 2775 85,
493 2730 523 2765 1.
544 2729 619 2772 135,
637 2729 670 2764 2.
687 2729 854 2774 quidnam

979 2686 1057 2716 tum
1082 2681 1205 2715 diuina
1230 2679 1445 2714 auctoritate
1470 2679 1663 2712 retinemus

980 2728 1179 2762 sanctorum
1205 2735 1349 2769 corpora
1373 2724 1542 2768 angelicis
1567 2733 1666 2758 exae-
