1884 2998
529 74 589 108 De
613 74 739 108 statu
764 74 934 109 animae
959 74 1180 120 epilogus.
1522 78 1605 120 193

107 201 203 241 sunt
234 210 397 253 genera,
430 198 506 241 hoc
538 198 602 240 est
631 210 778 252 corpus
810 200 916 252 quod
949 199 1058 241 uiuit
1087 202 1129 242 et
1158 200 1299 250 sentit,
1332 213 1474 255 corpus
1496 202 1604 255 quod

106 267 215 310 uiuit
244 269 284 309 et
316 280 396 309 non
427 267 568 318 sentit,
601 280 745 321 corpus
777 270 883 321 quod
914 280 990 310 nec
1020 268 1129 310 uiuit
1153 281 1225 311 nec
1247 270 1388 311 sentit.
1434 271 1505 312 sed
1526 270 1604 312 1100

105 347 235 388 genus
266 336 457 389 corporis,
492 336 597 389 quod
636 348 710 377 nec
740 336 849 377 uiuit
885 349 960 378 nec
999 336 1141 387 sentit,
1173 339 1369 390 quattuor
1399 339 1605 380 elementa

107 417 191 446 esse
228 406 339 458 puto,
387 406 542 445 terram
581 416 730 457 aquam
770 416 907 446 aerem
948 404 988 446 et
1032 405 1187 458 ignem,
1225 417 1328 458 quae
1357 406 1602 459 principalia

76 474 202 514 5sunt
233 475 273 514 et
303 471 522 526 simplicia,
554 484 602 513 ex
633 472 781 525 quibus
818 472 957 515 omnia
987 473 1125 527 [quae]
1161 473 1357 526 conpacta
1388 475 1483 516 sunt
1514 487 1603 517 cor-

105 553 215 594 pora,
247 541 290 583 id
322 542 384 582 est
415 540 657 582 animalium
688 541 872 582 uiuentia
902 542 943 582 et
973 541 1204 590 sentientia,
1243 542 1434 583 arborum
1478 542 1602 585 fruti-

105 623 197 652 cum
231 610 271 651 et
300 609 523 651 herbarum
556 609 754 662 uiuentia,
786 609 857 651 sed
889 621 969 651 non
1002 609 1235 651 sentientia.

159 689 293 742 Quam
333 689 384 731 ob
423 702 512 731 rem
544 689 643 742 quid
674 689 867 731 differant
897 689 1006 730 inter
1037 702 1079 731 se
1111 689 1424 732 euidentissime
1454 691 1603 745 liquet,

104 771 206 811 quae
237 757 323 800 sint
353 770 494 800 eorum
527 758 775 811 communia,
814 759 887 800 deo
918 757 1087 800 iuuante
1110 759 1312 801 intentius
1332 759 1604 813 inquiramus.

58 843 91 867 ιο
104 827 162 868 sic
207 827 317 868 enim
361 827 554 869 uolumus
598 826 827 882 inspirante
869 827 1034 869 domino
1082 827 1124 869 et
1163 827 1399 879 auxiliante,
1440 828 1488 870 ut
1522 840 1603 870 non

103 896 267 936 tantum
299 898 531 938 creaturam
562 895 691 949 ipsius
723 898 968 946 scrutemur,
998 907 1141 937 uerum
1173 895 1302 938 etiam
1338 897 1605 939 ascendentes

102 963 154 1005 ad
184 964 423 1006 creatricem
454 963 733 1006 substantiam
766 976 838 1017 per
868 975 927 1014 ea,
969 975 1074 1016 quae
1108 963 1219 1006 facta
1248 967 1356 1017 sunt,
1387 964 1604 1007 intellectu

103 1031 402 1084 conspiciamus
448 1033 502 1083 et,
552 1032 742 1085 quamuis
787 1044 867 1074 non
914 1032 1201 1086 perueniamus
1247 1035 1297 1075 ad
1336 1033 1391 1083 id,
1430 1034 1478 1075 ut
1516 1034 1604 1075 eius

102 1102 378 1143 substantiam
417 1102 656 1156 intellegere
695 1101 908 1143 ualeamus
939 1101 982 1142 et
1011 1100 1111 1154 quid
1143 1101 1197 1143 sit
1228 1101 1422 1150 sciamus,
1453 1103 1604 1144 saltem

57 1168 154 1221 asid,
188 1171 294 1222 quod
324 1182 407 1212 non
437 1171 505 1221 sit,
538 1170 852 1212 euidentissime
883 1172 1109 1211 teneamus.

158 1250 295 1304 Igitur
333 1262 453 1292 omne
488 1263 636 1303 corpus
676 1250 904 1303 quantitati
943 1253 984 1291 et
1024 1249 1217 1303 qualitati
1256 1250 1489 1292 subiectum
1527 1254 1600 1302 est,

101 1316 145 1359 in
177 1319 362 1360 subiecto
394 1320 534 1360 autem
566 1330 731 1371 corpore
772 1330 916 1371 corpus
947 1330 1029 1360 non
1060 1321 1135 1361 est.
1188 1331 1332 1372 corpus
1364 1319 1473 1360 enim
1504 1319 1603 1361 sub-

101 1386 256 1427 iectum
298 1387 373 1436 est,
411 1399 492 1428 non
531 1389 572 1429 in
604 1386 803 1438 subiecto,
843 1387 941 1439 quia
973 1398 1116 1440 corpus
1147 1387 1382 1430 substantia
1413 1390 1487 1439 est,
1521 1400 1602 1430 non

103 1454 305 1497 accidens.
352 1455 582 1497 accidentia
604 1458 742 1497 autem
774 1456 815 1497 in
838 1455 1072 1496 substantia
1093 1456 1202 1509 sunt,
1233 1467 1312 1497 non
1333 1456 1603 1499 substantiae.

56 1544 89 1568 20
103 1523 254 1566 accidit
285 1535 381 1577 ergo
413 1525 571 1577 corpori
611 1525 820 1577 quantitas
853 1526 894 1566 et
931 1525 1124 1578 qualitas,
1177 1525 1388 1578 quantitas
1424 1526 1533 1567 enim
1560 1526 1603 1567 in

103 1591 310 1634 mensuris
343 1593 418 1644 est,
452 1593 634 1646 qualitas
666 1593 710 1634 in
742 1593 960 1635 coloribus.
1012 1604 1092 1634 non
1124 1593 1200 1635 1100
1238 1606 1322 1635 esse
1344 1594 1484 1648 ipsum
1514 1606 1602 1636 cor-

102 1672 177 1713 pus
209 1661 316 1714 quod
349 1662 551 1714 quantum
585 1673 671 1702 esse
702 1673 777 1703 nec
807 1661 882 1703 hoc
925 1674 1012 1703 esse
1043 1662 1179 1715 ipsum
1211 1662 1317 1715 quod
1349 1664 1470 1716 quale
1501 1675 1601 1712 esse,

102 1729 197 1782 quia
235 1731 277 1772 et
316 1731 450 1772 colore
491 1731 652 1771 mutato
692 1741 838 1783 corpus
878 1733 1019 1772 manet
1052 1733 1094 1772 et
1124 1731 1169 1771 in
1200 1731 1406 1773 diminuto
1433 1743 1602 1784 corpore

103 1799 310 1851 quantitas
355 1811 461 1852 quae
500 1798 636 1852 prima
674 1798 808 1840 fuerat
846 1811 926 1840 non
964 1799 1038 1840 est.
1089 1812 1134 1841 ac
1177 1812 1248 1853 per
1285 1800 1361 1842 1100
1401 1812 1483 1841 11011
1514 1812 1602 1842 esse

56 1879 300 1920 25magnum
340 1870 448 1922 quod
486 1868 746 1922 magnitud0‚
787 1879 861 1909 nec
900 1869 1070 1921 longum
1115 1869 1223 1921 quod
1261 1868 1490 1922 longitudo,
1527 1880 1603 1910 nec

102 1935 179 1977 hoc
210 1935 344 1977 latum
376 1936 483 1989 quod
514 1936 708 1988 latitudo,
742 1948 816 1977 nec
855 1937 1081 1979 coloratum
1112 1937 1220 1990 quod
1251 1937 1360 1979 color
1389 1938 1489 1991 ipse.
1541 1939 1604 1979 est

101 2004 228 2045 etiam
259 2003 416 2057 corpori
446 2016 642 2046 mensura
672 2016 866 2046 numerus
898 2005 939 2046 et
969 2007 1136 2058 pondus,
1168 2006 1276 2047 uude
1313 2007 1440 2048 etiam
1460 2007 1603 2048 sancta

101 2073 307 2126 scriptura
344 2073 404 2115 ait
442 2075 590 2115 deum
628 2073 802 2115 omnia
845 2073 895 2114 in
935 2086 1178 2116 mensura
1216 2076 1265 2115 et
1303 2086 1512 2116 numero
1551 2078 1603 2117 et

236 2180 281 2215 28
310 2180 391 2225 Sap.
419 2181 473 2223 11,
499 2180 540 2215 21

171 2277 187 2311 1
222 2280 309 2312 ante
339 2276 434 2311 uiuit
459 2280 511 2311 est
534 2287 669 2312 rasura
694 2277 853 2312 duarum
878 2278 1071 2312 literarum
1095 2278 1137 2312 iri
1168 2278 1229 2319 M,
1271 2278 1309 2313 in
1336 2289 1408 2322 qua
1434 2279 1463 2312 &
1486 2279 1601 2321 fuisse

100 2333 249 2368 uidetur
387 2335 407 2368 5
435 2335 552 2368 omnia
577 2345 665 2379 quae
691 2335 739 2369 M
759 2335 932 2378 editores,
973 2345 1061 2380 quae
1084 2339 1151 2370 aut
1177 2336 1367 2370 delendum
1391 2340 1455 2378 est,
1487 2347 1602 2381 quare

100 2392 204 2426 uncis
227 2393 376 2434 inclusi,
410 2397 476 2427 aut
501 2403 590 2437 quae
616 2395 699 2427 sunt
724 2394 782 2427 uel
807 2394 879 2428 tale
904 2394 994 2438 quid
1017 2394 1246 2429 scribendum
1385 2395 1404 2428 7
1435 2394 1600 2429 erbarum

101 2449 151 2482 M
279 2450 322 2485 12
348 2450 556 2484 areatricem
582 2450 646 2491 M,
684 2461 777 2485 corr.
803 2451 823 2485 b
957 2451 999 2486 13
1025 2451 1176 2495 quanuis
1201 2451 1251 2484 M
1378 2451 1420 2486 18
1444 2451 1602 2486 subiecto

101 2517 136 2559 b,
178 2517 336 2553 subiecta
370 2519 418 2553 M
550 2519 595 2554 24
626 2519 739 2563 prima
771 2520 835 2560 M,
875 2520 972 2564 prius
1006 2520 1160 2555 editores
1297 2501 1404 2553 fuerit
1432 2520 1480 2554 M
1502 2531 1600 2554 mam

95 2575 206 2618 prim.
346 2577 398 2620 ac]
437 2578 500 2610 aut
532 2587 559 2620 p
698 2577 742 2611 26
778 2577 850 2621 ipse
886 2577 936 2611 ad
970 2588 1091 2612 uocem
1129 2577 1223 2610 color
1257 2577 1394 2619 rettuli,
1431 2587 1512 2611 cum
1546 2587 1600 2611 se-

100 2635 228 2675 quente
259 2634 449 2668 enuntiato
473 2633 703 2678 coiiiuiiyurit
736 2633 784 2667 M
806 2636 839 2667 et
864 2632 1034 2668 editores:
1066 2637 1143 2668 tum
1167 2637 1260 2667 certe
1282 2632 1350 2676 ipsi
1374 2633 1601 2667 scribendum

98 2691 179 2723 erat

166 2756 229 2791 XI.
1422 2757 1462 2791 13
