1884 2998
248 169 346 199 XLII

249 283 388 332 autem
420 281 639 335 opponitur
667 281 801 324 flauus
832 281 914 324 oris
945 282 1056 324 color
1085 281 1224 337 (yelbe,
1249 282 1399 325 bleiche
1424 283 1747 340 Gesichtsfarbe)

247 350 308 392 ori
359 349 537 392 colorato
590 349 830 405 (yebra‘unte
886 349 969 404 Gn).
1029 363 1132 404 quae
1183 364 1279 394 uero
1338 355 1567 407 sequuntur
1624 354 1749 396 uerba

238 417 382 471 pallet
421 417 494 460 ille
540 418 607 461 uel
652 418 773 473 niyer
810 421 871 461 est
908 431 990 461 non
1029 420 1126 462 noui
1156 421 1377 474 quicquam
1408 421 1633 475 continent,
1678 423 1748 464 sed

247 488 419 529 eandem
451 486 533 530 fere
566 500 656 529 rem
686 488 861 530 mutatis
894 487 1030 530 uerbis
1062 487 1311 542 significant,
1343 489 1383 532 id
1416 491 1523 543 quod
1554 492 1749 546 asyndeto

247 556 403 609 optime
444 556 748 611 comprobatur.
785 581 833 587 —
868 556 935 607 82,
979 558 1030 600 18
1070 557 1182 600 illud
1218 560 1360 600 tamen
1398 558 1528 612 liquet
1555 559 1750 601 animam

246 625 340 667 sine
369 638 540 678 corpore
559 625 885 678 incorporaliter
906 639 987 679 per
1017 625 1205 679 adfectus
1226 627 1453 680 proprie
1482 627 1548 670 uel
1579 627 1750 670 mulceri

246 693 315 736 uel
353 693 505 748 adfliyi
538 706 657 746 posse
703 694 862 749 scripsi,
910 706 1004 736 cum
1041 694 1242 737 librorum
1289 695 1492 749 scriptura
1522 695 1596 749 pie
1627 695 1749 738 nihili

246 762 317 816 sit,
364 774 468 816 quae
515 763 659 804 tamen
705 762 827 804 facile
866 775 913 804 ex
949 762 1129 816 proprie
1166 775 1239 817 per
1277 764 1563 817 compendium
1595 765 1747 819 scripto

243 830 369 885 oriri}
389 830 539 884 potuit.
584 831 761 884 proprie
808 833 948 873 autem
979 830 1230 874 Claudianus
1276 832 1451 886 scripsit,
1498 846 1575 887 quo
1616 833 1748 887 magis

245 900 350 942 illud
396 900 588 941 animam
630 899 747 941 sine
793 912 1015 952 corpore
1059 902 1224 954 propter
1269 902 1482 955 sequentia
1520 901 1645 943 uerba
1683 901 1748 943 his

246 969 431 1023 opposita
461 981 613 1021 corpus
643 968 736 1011 sine
765 969 916 1010 anima
946 969 1123 1011 efferret.
1147 992 1201 999 -—
1223 970 1293 1020 89,
1323 969 1351 1011 2
1381 969 1452 1011 sed
1482 983 1569 1011 non
1590 969 1747 1012 idcirco

246 1037 503 1080 tardioribus
549 1037 858 1090 desperandum
901 1039 971 1089 est,
1018 1036 1138 1079 modo
1177 1040 1225 1079 ut
1264 1038 1509 1080 auctoritati
1539 1038 1749 1089 cedamus,

243 1108 319 1162 qui
352 1107 561 1149 rationem
588 1107 696 1160 forte
735 1118 822 1147 non
853 1106 1065 1159 capimus:
1108 1118 1183 1160 ego
1213 1108 1259 1148 ut
1290 1118 1363 1159 pro
1393 1105 1472 1157 uel,
1515 1109 1620 1160 quod
1650 1107 1750 1148 libri

244 1177 414 1229 habent,
462 1175 623 1229 scripsi,
671 1187 766 1216 cum
810 1174 878 1216 uel
924 1174 1210 1229 compendiose
1257 1173 1460 1228 scriptum
1503 1175 1553 1216 ab
1594 1177 1643 1216 ut
1680 1175 1749 1216 uix

247 1245 413 1287 differat
444 1245 486 1286 et
516 1247 654 1286 tamen
685 1243 752 1286 uel
793 1242 891 1285 ferri
922 1255 1004 1285 non
1033 1243 1177 1297 possit.
1229 1243 1329 1284 licet
1360 1244 1471 1284 enim
1503 1244 1748 1286 concedatur

243 1315 406 1367 saepius
436 1313 503 1355 uel
533 1325 606 1366 pro
636 1311 786 1353 saltem
816 1311 1021 1365 usurpari,
1054 1311 1194 1353 tamen
1226 1323 1276 1352 ne
1308 1310 1412 1353 hanc
1433 1310 1602 1365 quidem
1623 1312 1749 1366 signi-

243 1381 476 1425 ficationem
508 1381 584 1422 hoc
613 1381 699 1423 loco
732 1382 873 1433 aptam
904 1391 991 1422 esse
1021 1378 1127 1421 mihi
1157 1379 1356 1432 persuasi.

300 1450 374 1492 VI.
407 1449 693 1503 Archetypum
723 1448 875 1490 litteris
907 1447 1140 1490 uncialibus
1172 1448 1374 1501 scriptum
1406 1455 1484 1490 non
1506 1447 1631 1490 fuisse
1654 1460 1748 1490 cum

242 1532 290 1561 ex
332 1518 538 1572 frequenti
579 1518 913 1570 compendiorum
960 1529 1037 1558 usu
1082 1517 1174 1558 tum
1221 1529 1267 1558 ex
1309 1516 1483 1569 singulis
1524 1516 1663 1559 uerbis
1706 1517 1750 1559 in

243 1588 435 1630 omnibus
479 1586 598 1629 libris
637 1588 779 1629 eodem
819 1585 938 1628 modo
978 1585 1082 1628 falso
1122 1585 1330 1627 distinctis
1369 1585 1618 1640 collegerim,
1672 1599 1750 1640 quo

244 1656 390 1699 mendo
435 1656 650 1709 perspecto
696 1654 807 1698 facili
850 1654 1017 1710 negotio
1063 1654 1292 1708 complures
1337 1655 1417 1697 loci
1462 1655 1672 1697 emendari
1711 1656 1752 1697 et

242 1726 379 1767 sanari
410 1727 596 1777 possunt.
636 1725 695 1766 sic
725 1723 792 1775 24,
827 1724 878 1765 11
908 1722 1284 1776 perincatholicam
1314 1735 1388 1776 pro
1412 1736 1492 1776 per
1521 1722 1749 1765 incatholi-

241 1807 358 1846 cam,
405 1794 473 1846 33,
507 1794 528 1835 1
571 1793 681 1835 aude
710 1792 770 1834 sis
799 1804 872 1848 pro
904 1792 1033 1835 audes
1062 1793 1101 1834 is
1143 1792 1286 1846 (audes
1326 1791 1420 1847 his),
1466 1792 1535 1843 42,
1577 1791 1634 1834 20
1664 1804 1749 1845 pro

235 1863 434 1918 portione
464 1874 538 1916 pro
562 1862 836 1915 proportione
865 1861 933 1916 (cs.
959 1862 1053 1915 162,
1078 1862 1148 1914 17)
1179 1861 1288 1904 recte
1319 1874 1385 1902 me
1416 1860 1631 1914 scripsisse
1663 1872 1749 1903 om-

242 1944 314 1974 nes
344 1933 445 1986 puto
477 1932 713 1984 concedent,
754 1932 978 1984 eodemque
1017 1930 1100 1973 leni
1130 1930 1312 1972 remedio
1350 1929 1528 1972 feliciter
1557 1930 1622 1971 usi
1653 1930 1751 1971 sunt

243 2001 439 2043 Barthius
470 2000 538 2051 82,
570 2000 596 2042 6
627 2000 848 2042 ininitiato
877 2013 950 2055 pro
981 1999 1031 2041 in
1059 1999 1248 2052 initiato,
1288 1998 1484 2042 Schottus
1521 1998 1612 2048 137,
1647 1997 1668 2038 1
1701 2010 1751 2039 ex

242 2069 471 2112 olenticetis
510 2081 583 2122 pro
621 2081 671 2110 ex
709 2068 835 2111 olenti
872 2068 981 2120 cetis,
1024 2067 1238 2110 Hartelius
1284 2067 1377 2119 137,
1411 2066 1434 2107 7
1472 2066 1648 2120 quidum
1678 2077 1749 2120 pro

241 2138 317 2190 qui
346 2137 449 2179 dum
478 2137 718 2179 scribentes.
760 2139 973 2190 praeterea
1004 2136 1098 2189 144,
1135 2136 1185 2179 18
1216 2149 1288 2191 pro
1312 2135 1465 2178 sideris
1486 2134 1676 2177 citimum
1705 2134 1749 2175 in

242 2205 360 2248 libris
391 2208 553 2260 praeter
582 2205 729 2248 DEF2
767 2206 920 2261 legitur
948 2205 1162 2248 siderescit
1190 2205 1337 2257 imum,
1372 2205 1466 2254 148,
1501 2205 1551 2247 18
1584 2202 1671 2245 dies
1701 2215 1750 2244 ex

242 2287 315 2328 pro
359 2273 410 2317 de
453 2287 524 2316 sex
570 2274 687 2329 (corr.
720 2273 854 2328 AE2),
904 2274 998 2325 121,
1041 2274 1094 2317 14
1131 2273 1354 2327 hipponme
1398 2272 1638 2316 tarentinus
1681 2270 1748 2313 uel

241 2342 380 2385 simile
429 2343 529 2397 quid
577 2354 649 2396 pro
698 2342 860 2396 hippon
907 2342 1220 2396 metapontinus
1267 2341 1321 2397 (G
1365 2342 1500 2395 corn),
1552 2341 1647 2391 149,
1698 2340 1749 2381 12

241 2410 430 2453 numeris
450 2414 488 2453 et
508 2411 623 2453 horis
644 2424 716 2466 pro
746 2424 965 2453 numerose
994 2411 1131 2453 choris
1159 2414 1280 2465 (corr.
1303 2409 1386 2461 13²).
1427 2422 1558 2464 neque
1590 2409 1746 2462 dubito,

240 2478 341 2533 quin
371 2480 592 2533 genuinam
623 2479 875 2522 restituerim
905 2480 1125 2522 lectionem
1159 2479 1252 2532 134,
1284 2480 1311 2522 2
1340 2492 1392 2521 en
1414 2478 1487 2520 tibi
1507 2478 1609 2519 duos
1622 2489 1748 2530 prae-

241 2546 500 2589 clarissimos
517 2580 527 2590 .
546 2581 557 2591 .
575 2579 585 2590 .
603 2547 758 2589 sentire
806 2547 1020 2590 nobiscum
1069 2547 1346 2600 inermemque
1396 2549 1432 2589 te
1481 2545 1749 2588 auctoritatis

232 2614 423 2669 pondere
452 2617 490 2657 et
519 2615 706 2665 rationis
736 2615 902 2658 uiribus
932 2616 1238 2668 prosternitare
1251 2615 1280 2669 ¹)
1314 2615 1633 2669 disparatosque
1664 2626 1748 2656 cor-

379 2719 404 2761 ¹)
429 2717 481 2752 Ex
504 2728 622 2753 errore
646 2716 863 2763 typographi
887 2716 927 2752 in
951 2719 1052 2752 textu
1077 2719 1114 2752 et
1137 2716 1368 2753 adnotatione
1394 2716 1522 2753 critica
1542 2714 1747 2760 prosterni-

240 2774 331 2810 dare
355 2776 537 2810 exaratum
562 2775 626 2809 est.
