1884 2998
634 82 692 117 De
716 84 841 118 statu
865 84 1037 119 animae
1064 84 1083 120 I
1107 85 1163 122 21.
1591 91 1643 132 71

230 207 402 249 ...odi
433 209 581 248 artus
613 206 965 262 fragilemque
996 209 1129 251 hunc
1159 212 1391 265 corporis
1422 225 1564 255 usum

224 275 544 318 desertorem
576 265 750 317 aniini.

151 355 260 408 quod
309 358 356 396 ut
404 357 537 409 magis
585 356 744 410 pateat,
797 356 873 398 hoc
922 357 1059 410 ipsum
1109 357 1348 411 diligentius
1397 359 1647 401 uentilemus

149 425 273 476 atque
318 424 370 465 ab
416 426 597 466 extremo
642 424 876 466 uiuentium
921 437 1070 480 genere
1115 427 1165 467 ad
1203 425 1448 468 rationalem
1488 439 1646 481 quoque

119 491 283 532 suitam
315 491 536 534 ordinatim
566 491 853 546 gradatimque
877 493 1106 547 ueniamus,
1128 494 1176 535 ut
1196 494 1278 536 tria
1297 494 1385 545 illa,
1407 497 1647 537 memoriam

148 559 370 602 consilium
407 561 680 610 uoluntatem,
721 561 872 614 quibus
912 562 1115 604 humanae
1146 563 1307 605 animae
1339 563 1463 605 confit
1492 564 1645 613 unitas,

147 628 287 670 uidere
326 630 542 682 possimus,
582 630 811 683 quamlibet
848 630 1041 673 rationali
1077 631 1200 684 atque
1230 631 1468 673 inrationali
1497 632 1646 673 memi-

147 696 258 738 nisse
289 709 504 739 commune
541 697 611 739 sit.

830 867 964 922 XXI.

101 1003 134 1027 10
147 993 274 1032 QVOD
317 993 529 1024 MEMORIA
570 993 822 1025 RATIONALI
866 995 924 1025 ET
968 995 1270 1026 INRATIONALI
1315 996 1490 1027 ANIMAE
1534 996 1646 1027 COM-

371 1063 512 1093 MVNIS
542 1062 611 1093 SIT
642 1063 699 1093 ΕΤ
730 1063 867 1095 OMNIS
909 1064 1148 1094 CREATVRA
1186 1064 1255 1095 SIT
1285 1064 1427 1096 HOMO.

204 1154 322 1196 Vnde
365 1166 443 1197 non
476 1155 630 1209 absque
677 1168 774 1197 uero
820 1155 973 1199 dicitur
1016 1158 1059 1198 in
1105 1157 1302 1199 memoria
1341 1169 1425 1198 esse
1469 1156 1647 1198 hominis

144 1223 394 1277 pecudisque
425 1224 660 1266 confinium.
708 1237 804 1267 nam
836 1227 877 1266 et
907 1224 1026 1266 nidos
1057 1225 1236 1267 ciconiae
1262 1226 1385 1278 atque
1406 1224 1646 1266 hirundines

145 1296 241 1345 post
271 1305 425 1334 annum
456 1291 657 1344 reuisunt,
692 1295 731 1333 et
763 1293 858 1346 equi
889 1292 1056 1335 stabula
1086 1294 1289 1347 repetunt,
1317 1294 1358 1335 et
1379 1305 1494 1334 canes
1516 1292 1646 1334 domi-

99 1381 133 1406 15
145 1374 219 1404 nos
249 1363 562 1415 recognoscunt.
604 1363 674 1404 sed
706 1363 899 1416 quoniam
932 1362 1095 1404 animae
1127 1363 1358 1404 belluarum
1389 1362 1464 1403 etsi
1496 1361 1646 1413 imagi-

145 1442 218 1471 nes
263 1429 448 1472 locorum
493 1431 741 1472 naturaliter
785 1431 980 1482 retinent,
1026 1430 1157 1484 ipsius
1202 1433 1343 1472 tamen
1389 1428 1646 1472 substantiae

145 1510 244 1540 suae
276 1498 493 1540 scientiam
523 1511 604 1541 non
635 1499 806 1551 habent,
839 1502 883 1542 in
902 1499 1182 1542 recordatione
1203 1499 1475 1552 corporalium
1498 1510 1647 1547 rerum,

146 1579 247 1620 quas
284 1580 356 1622 per
395 1568 574 1622 corporis
614 1581 755 1610 sensus
794 1569 1036 1618 hauserunt,
1076 1568 1304 1610 necessario
1345 1569 1559 1608 remanent
1605 1570 1647 1606 et

145 1635 423 1678 ratiocinandi
454 1648 536 1678 non
567 1636 766 1679 habentes
798 1637 974 1688 oculum,
1006 1649 1088 1679 non
1114 1638 1247 1679 dicam
1269 1648 1392 1690 supra
1412 1648 1454 1676 se
1475 1633 1645 1687 aliquid,

99 1723 135 1750 20
147 1706 218 1746 sed
249 1717 292 1746 se
323 1704 436 1758 ipsas
466 1704 609 1746 uidere
640 1714 720 1747 non
750 1708 936 1759 possunt.
977 1706 1134 1759 gratias
1165 1717 1272 1759 ergo,
1303 1704 1338 1746 si
1368 1715 1449 1745 non
1473 1703 1646 1756 quantas

147 1772 285 1823 debet,
317 1776 361 1814 at
390 1776 565 1826 quantas
596 1774 745 1826 potest,
778 1773 953 1815 creatori
983 1786 1055 1816 suo
1085 1775 1198 1815 totus
1229 1773 1349 1815 homo
1380 1771 1546 1821 referat,
1579 1769 1648 1823 qui

146 1841 212 1883 illi
251 1841 471 1884 ineffabilis
509 1841 780 1895 benignitatis
817 1841 1014 1896 largitate
1055 1841 1274 1883 essentiam
1308 1853 1402 1883 cum
1432 1839 1646 1893 lapidibus,

146 1909 282 1952 uitam
322 1910 568 1952 seminalem
606 1923 700 1952 cum
739 1910 877 1953 herbis
923 1913 964 1953 et
995 1910 1222 1961 arboribus,
1253 1909 1385 1952 uitam
1415 1908 1646 1952 sensualem

286 2035 302 2068 1
331 2035 421 2069 Stat.
446 2034 558 2070 Theb.
582 2035 614 2076 8,
640 2034 708 2069 738

216 2148 236 2181 1
273 2158 356 2181 usus
393 2147 429 2181 Β
567 2147 590 2182 3
625 2157 727 2191 mage
765 2145 800 2181 G
937 2147 958 2180 5
995 2146 1259 2190 gradiatimque
1293 2146 1330 2181 R
1466 2145 1487 2179 6
1524 2143 1647 2179 cumfit

145 2204 239 2246 DR,
280 2203 467 2238 conficitur
498 2204 591 2247 Mb,
632 2205 773 2238 constat
801 2204 843 2247 10²
983 2203 1002 2238 7
1033 2203 1146 2238 uerba
1174 2203 1263 2237 inde
1287 2214 1310 2236 a
1341 2201 1538 2247 quamlibet
1565 2212 1647 2237 cum

144 2262 309 2306 sequenti
334 2261 454 2305 capite
478 2261 676 2295 coniuncta
699 2261 868 2306 lequntur
891 2261 934 2295 in
966 2260 1042 2295 Mb
1180 2259 1222 2294 12
1253 2260 1362 2294 initio
1386 2259 1492 2293 huius
1516 2259 1648 2302 capitis

145 2319 324 2364 quaedam
348 2319 464 2354 uerba
488 2318 663 2354 excidisse
687 2318 867 2363 opinatur
891 2318 1069 2353 Barthius
1205 2317 1286 2362 non]
1311 2327 1404 2351 nunc
1427 2315 1512 2358 HS,
1553 2319 1647 2372 fiune

145 2398 182 2434 R
336 2399 380 2434 13
417 2399 465 2444 et]
504 2399 549 2434 ad
585 2398 779 2441 ADEFP,
820 2400 857 2433 et
892 2398 937 2432 ad
974 2397 1071 2439 Sela,
1109 2407 1174 2432 om.
1212 2396 1244 2431 S
1389 2395 1564 2430 irundinis
1599 2394 1647 2437 B,

144 2455 330 2491 irundines
362 2455 393 2491 S
529 2457 574 2491 14
603 2456 734 2491 reuersi
759 2458 844 2490 sunt
876 2453 1112 2496 ABHPRS,
1154 2463 1290 2488 reuerse
1315 2454 1399 2487 sunt
1429 2451 1551 2494 DEF,
1592 2461 1645 2486 re-

145 2523 265 2548 uersae
301 2516 386 2548 sunt
423 2512 501 2548 Βοὴ.
674 2513 716 2547 17
753 2511 997 2547 recordatione
1033 2510 1107 2546 Mb
1279 2508 1325 2542 20
1358 2509 1436 2552 ipsa
1475 2508 1519 2550 Ο,
1558 2507 1645 2552 ipsis

146 2580 190 2604 ex
214 2570 309 2614 ipsas
340 2569 378 2604 R
516 2569 559 2613 si]
594 2569 662 2604 etsi
695 2569 733 2612 b,
773 2570 810 2603 et
834 2572 919 2603 ante
943 2568 974 2602 si
999 2566 1085 2602 add.
1109 2566 1159 2600 M
1178 2576 1275 2600 man.
1299 2574 1388 2605 rea,
1429 2567 1492 2599 aut
1510 2566 1556 2608 1⁰²

146 2625 189 2660 21
215 2628 280 2661 aut
303 2626 493 2669 BD²EF²,
533 2626 592 2660 uel
617 2626 693 2660 Mb
832 2625 877 2659 22
901 2624 1144 2669 benignitates
1167 2622 1237 2664 M¹‚
1274 2631 1340 2656 om.
1365 2620 1402 2655 Β
1535 2620 1644 2664 largi-

145 2685 222 2718 tate
247 2683 333 2718 aad.
358 2684 420 2718 M²
444 2683 486 2718 in
510 2693 620 2729 mary.
