1884 2998
293 124 374 167 176
801 122 1043 158 Claudiani
1068 122 1277 157 Mamerti

286 248 391 290 uitio
436 248 700 302 progenitum
739 249 813 290 aut
857 248 989 290 latere
1030 251 1149 290 tenus
1189 247 1465 302 adstrepuerit
1504 251 1577 290 aut
1617 247 1788 290 obuium

287 329 375 360 sese
407 316 578 369 dederit,
608 318 702 360 Iesu
733 318 899 371 praeuio
931 321 972 359 et
1001 318 1190 359 adiutore
1220 317 1406 360 feriatur.

984 496 1092 551 XII.

285 623 466 655 CONTRA
496 623 579 655 Eos
611 624 690 663 QVI
719 624 912 656 DICVNT:
951 625 1099 655 ANIMA
1135 625 1221 655 SIBI
1251 624 1542 655 INCORPOREA
1572 625 1664 666 EST,
1697 626 1788 656 1)Εο

910 692 1160 724 CORPOREA.
1819 699 1838 725 ⁵

340 783 420 828 Sed
451 797 502 831 en
533 784 883 838 aliquorumpiam
922 786 993 838 qui
1031 784 1281 827 interimunt
1316 784 1476 827 animas
1507 784 1787 838 garrientibus

283 855 405 908 nugis
451 854 526 896 etsi
556 866 638 897 non
668 854 860 897 sistimur
890 852 942 895 ab
974 853 1134 905 itinere,
1175 854 1386 896 lentamur
1417 854 1569 895 tamen.
1621 853 1693 895 sed
1723 852 1786 894 in-

284 934 446 965 sumere
475 922 708 976 pauxillum
736 923 937 978 temporis
968 922 1264 966 intertrimenti
1294 923 1399 965 nihil
1430 924 1503 977 est,
1540 923 1639 976 quin
1671 934 1789 975 porro

282 990 412 1039 iuuat,
458 991 578 1033 modo
623 990 722 1044 quid
768 992 986 1034 obuersum
1031 1004 1127 1034 uero
1174 991 1326 1046 quidue
1379 992 1589 1033 diuersum
1643 990 1788 1032 eadem

282 1059 438 1101 ueritas
469 1060 542 1101 aut
573 1059 754 1113 depellat
783 1061 856 1101 aut
895 1060 1094 1113 proterat.
1146 1061 1189 1102 et
1219 1072 1314 1102 cum
1346 1060 1466 1102 audio
1498 1059 1633 1102 dicere
1664 1070 1785 1113 quos·
1801 1075 1838 1100 ιο

281 1127 395 1180 piam
428 1127 498 1180 qui
530 1129 571 1169 et
603 1140 814 1182 corporeas
847 1141 934 1170 esse
964 1130 1112 1170 uolunt
1138 1128 1300 1170 animas
1333 1131 1374 1170 et
1405 1129 1570 1171 easdem
1595 1127 1785 1181 incorpo-

280 1207 369 1237 reas
415 1207 568 1250 negare
600 1208 680 1238 non
720 1198 906 1250 possunt,
948 1196 1064 1238 aliud
1094 1197 1207 1250 ipsas
1239 1197 1395 1239 animas
1426 1197 1519 1247 sibi,
1552 1196 1666 1239 aliud
1697 1208 1786 1238 esse

281 1265 475 1307 creatori:
508 1265 597 1320 deo,
628 1265 837 1319 inquiunt,
870 1265 1033 1307 animae
1066 1277 1281 1320 corporeae
1312 1266 1421 1315 sunt,
1453 1278 1598 1307 uerum
1620 1264 1787 1307 sibimet

279 1333 551 1386 incorporeae,
589 1334 696 1387 quod
727 1334 788 1376 ita
819 1337 879 1376 est
909 1346 956 1376 ac
985 1334 1022 1376 si
1057 1335 1198 1377 dicant
1219 1335 1378 1377 animas
1400 1337 1442 1376 et
1464 1346 1678 1387 corporeas
1700 1346 1784 1376 esse

281 1403 323 1443 et
361 1403 632 1456 incorporeas,
684 1403 975 1446 aeternitatem
1014 1416 1133 1458 porro
1173 1406 1314 1455 testor,
1362 1404 1470 1457 quod
1505 1415 1550 1445 eo
1590 1401 1784 1443 mihimet
1800 1415 1836 1442 15

281 1470 393 1512 hisce
422 1471 614 1514 inanibus
645 1472 888 1525 respondere
924 1473 1147 1515 admodum
1179 1473 1310 1515 labori
1331 1475 1407 1524 est,
1447 1472 1544 1526 quia
1564 1471 1670 1513 nihil
1691 1471 1785 1512 istic

282 1539 450 1593 quicum
482 1540 733 1595 congrediar,
765 1540 872 1583 nihil
902 1543 1010 1594 quod
1040 1540 1286 1584 medullitus
1309 1553 1466 1592 eruam,
1490 1539 1594 1582 nihil
1616 1541 1783 1593 quicum

281 1608 502 1650 certauisse
542 1609 750 1659 exercitio,
791 1609 898 1651 nihil
934 1610 1117 1663 profecto
1149 1612 1211 1652 est
1253 1611 1359 1663 quod
1390 1608 1536 1651 uicisse
1583 1607 1782 1650 uictoriae

279 1677 347 1719 sit.
398 1689 494 1731 ergo
539 1678 575 1720 si
603 1678 742 1720 anima
789 1690 983 1732 corporea
1028 1676 1201 1721 creatori
1233 1679 1274 1720 et
1302 1679 1543 1732 incorporea
1587 1677 1667 1718 sibi
1703 1681 1782 1726 est,
1825 1667 1830 1671 ’

349 1812 368 1845 1
398 1811 545 1847 lateren'
576 1812 608 1848 S
743 1813 982 1858 adstrepuerit
1012 1810 1110 1856 E²b‚
1151 1814 1365 1858 astrepuerit
1392 1813 1509 1856 GLT,
1551 1812 1789 1857 adstripuerit

278 1868 337 1909 M,
374 1869 584 1932 astripuerit
614 1870 679 1910 OS,
716 1871 922 1915 arii-ipueris
947 1871 994 1913 A,
1031 1872 1239 1916 astripueris
1263 1871 1407 1913 BH1R,
1450 1870 1685 1914 obstrepuerit
1708 1870 1789 1905 DP

279 1936 380 1979 sch„
422 1939 637 1984 ostrepuerit
660 1939 699 1974 F
834 1940 978 1974 olluium
1002 1941 1056 1982 A,
1096 1939 1237 1974 obuiam
1268 1939 1304 1975 G-
1440 1939 1462 1973 2
1494 1939 1595 1974 hiesu
1628 1938 1695 1975 RS

277 1994 300 2029 4
325 1995 374 2030 ad
396 1996 461 2031 hoc
484 1997 687 2041 capitulum
708 1998 750 2032 in
774 1998 822 2032 M
845 1998 965 2033 denuo
990 2008 1165 2033 numerus
1182 1997 1250 2033 XI
1262 2008 1334 2042 per
1351 2007 1508 2032 errorem
1527 2000 1702 2032 exaratus
1722 2001 1786 2039 est,

277 2053 341 2096 qui
366 2063 467 2088 error
491 2054 601 2088 etiam
618 2065 690 2099 per
713 2055 941 2099 sequentium
965 2055 1208 2099 capitulorum
1231 2065 1400 2089 numeros
1423 2058 1550 2089 manat
1681 2054 1701 2088 6
1727 2054 1782 2099 en]

277 2108 315 2143 in
340 2110 433 2144 coni.
457 2110 651 2146 Hartelius
789 2112 1038 2156 aliorumpiam
1061 2112 1244 2147 Barthius
1374 2112 1630 2155 interemptum
1658 2110 1692 2145 G-

278 2166 485 2211 gerentibus
510 2168 547 2204 R
672 2169 695 2203 8
719 2169 914 2213 pauxillum
942 2168 1034 2213 Mb,
1075 2168 1248 2213 paxillum
1272 2169 1326 2211 E,
1366 2167 1560 2213 pausillum
1584 2167 1677 2209 rell.,
1718 2178 1786 2213 pu-

278 2224 400 2259 sillum
437 2224 518 2261 Seli.
662 2226 925 2260 intertrementi
960 2225 1252 2261 ACHLMRSb
1390 2225 1452 2269 qui
1487 2225 1524 2259 in
1561 2224 1693 2259 BH¹R

277 2282 298 2316 9
324 2282 385 2326 qui
410 2283 483 2317 BL
621 2283 664 2317 10
687 2284 778 2328 cum]
805 2284 875 2318 iam
900 2283 1082 2319 Barthius
1220 2282 1550 2326 interpunctionem
1570 2282 1715 2325 periodi
1738 2282 1784 2316 ab

277 2341 314 2374 et
339 2351 417 2374 cum
441 2340 548 2375 audio
579 2341 791 2385 incipientis
821 2342 862 2376 in
892 2341 993 2375 libris
1025 2344 1059 2375 et
1092 2340 1311 2376 editionibus
1338 2340 1492 2384 pessime
1520 2339 1705 2373 turbatam
1729 2338 1784 2373 ita

278 2398 439 2441 correxi,
469 2401 512 2432 ut
542 2398 663 2432 uerbis
695 2398 837 2433 demum
869 2398 931 2432 lin.
957 2401 1007 2433 18
1037 2398 1206 2432 uictoriae
1236 2397 1284 2431 sit
1311 2396 1505 2442 periodum
1535 2396 1638 2439 finiri
1666 2399 1782 2430 statu·

278 2465 371 2489 erem
510 2455 554 2490 13
579 2455 637 2489 dri]
662 2455 698 2491 R
836 2455 878 2489 14
903 2466 971 2499 quo
996 2456 1032 2490 B
1171 2455 1218 2500 et]
1245 2465 1318 2489 esse
1341 2454 1380 2489 D
1519 2464 1593 2487 esse
1619 2463 1684 2487 om.
1709 2453 1785 2487 AB

277 2511 356 2546 DF
492 2512 535 2546 16
558 2512 692 2546 laboris
716 2512 789 2546 Mb
922 2512 1016 2557 istic]
1043 2513 1097 2546 est
1122 2511 1208 2547 add.
1233 2511 1307 2545 Mb
1447 2510 1489 2544 17
1514 2520 1592 2544 cum
1617 2519 1684 2553 quo
1709 2510 1783 2544 Mb

277 2568 382 2613 nihil]
412 2569 466 2602 est
489 2568 574 2603 add.
606 2569 681 2604 Mb
819 2579 965 2613 quocum
998 2569 1088 2611 Mb,
1129 2569 1340 2613 quicumque
1371 2567 1408 2603 R
1547 2567 1590 2601 18
1619 2566 1785 2601 exer-titio

277 2625 405 2667 ABL,
450 2625 615 2659 exerticio
640 2626 688 2670 F,
737 2626 905 2661 exercicio
933 2625 984 2668 G,
1032 2625 1236 2660 exercitacio
1259 2625 1352 2668 Mb,
1401 2623 1562 2659 exercitis
1588 2624 1783 2668 ‘scriptura

274 2683 390 2717 uetus'
416 2681 493 2716 Βοὴ.
622 2683 664 2717 19
690 2684 720 2717 si
745 2694 811 2719 om.
835 2683 920 2718 libri
936 2687 1087 2727 praeter
1110 2683 1160 2717 M
1172 2686 1204 2717 et
1223 2682 1304 2717 Βοὴ,
1431 2681 1601 2716 creatoris
1625 2680 1693 2715 RS

273 2743 328 2774 est
351 2749 416 2773 om.
441 2739 630 2775 ABDFR
647 2739 724 2775 Sch.
