1884 2998
1576 166 1639 195 vu

147 268 251 319 Βοὴ,
292 270 358 317 51,
391 269 443 311 21
476 269 774 325 minimorum]
805 271 1018 312 minorum
1048 272 1199 326 RSch.,
1240 274 1306 328 62,
1330 275 1355 316 6
1385 276 1519 329 statu]
1554 279 1638 317 sta-

148 340 213 379 tus
242 338 433 389 RSSch.,
482 339 548 389 75,
580 339 605 379 2
636 340 706 391 ui]
739 341 775 380 et
805 339 959 392 RSch.,
992 340 1059 388 80,
1096 342 1147 382 15
1176 355 1281 394 quae
1312 355 1404 383 cum
1442 344 1502 384 ita
1532 344 1641 395 siut]

146 418 428 459 quaecumque
457 406 523 447 ita
551 407 609 448 su
637 407 731 458 RT,
765 408 831 459 96,
865 409 891 450 3
921 410 958 449 te
991 409 1086 451 add.
1107 409 1296 459 RSSch.,
1331 411 1397 463 98,
1422 413 1473 453 16
1504 412 1641 466 imayo

146 476 284 515 autem
315 474 621 526 dei—quaerit
653 487 733 516 om.
765 475 813 526 R,
861 477 979 517 uncis
1017 477 1187 519 inclusit
1217 477 1322 526 Βοὴ,
1364 478 1456 531 120,
1491 479 1544 521 10
1573 481 1641 521 iu-

146 542 277 596 stam]
307 542 423 583 iusta
443 542 598 593 RSch.,
631 543 726 595 125,
760 544 788 585 4
817 544 1039 598 adierunt]
1059 545 1301 587 adiecerunt
1322 545 1476 597 RSch.,
1501 547 1593 597 137,
1619 548 1639 588 1

145 609 448 666 fetidiuarum]
486 610 817 662 fetidiuinarum
846 612 895 663 R,
926 612 1044 665 setim
1082 612 1337 654 diuitiarum
1367 615 1414 667 Τ,
1462 614 1554 665 141,
1589 615 1640 657 13

146 679 272 734 quid]
308 678 417 731 quod
457 678 616 729 RSch.,
667 679 758 730 150,
789 679 845 722 24
881 680 1188 732 incorporalis]
1218 682 1451 734 corporalis
1481 682 1640 731 RSch.,

150 747 244 800 151,
276 748 331 789 24
360 760 443 788 esse
474 760 628 789 se——se
658 760 739 789 esse
770 761 849 790 om.
890 749 939 800 R,
987 749 1105 790 uncis
1136 750 1303 791 inclusit
1335 749 1442 801 Βοὴ,
1491 751 1584 801 155,
1617 751 1642 792 8

147 818 248 857 esset
284 828 364 858 om.
396 815 549 865 RSch.‚
599 817 691 867 159,
726 817 750 858 8
782 816 1004 870 sollicitat]
1034 816 1224 859 sollicitet
1254 818 1414 868 RSch.,
1464 819 1557 872 163,
1592 821 1640 860 11

145 881 314 939 utique]
343 884 510 936 utrique
541 885 577 925 R
597 884 706 933 Βοὴ,
755 884 848 935 164,
884 886 935 927 19
967 888 1133 937 casum]
1164 898 1339 927 causam
1368 885 1525 934 RSch.,
1551 887 1641 936 170,

149 951 198 993 11
232 951 347 1006 loca]
379 951 507 994 locale
528 952 689 1005 RSch.,
731 953 824 1006 170,
847 952 901 995 25
928 952 1162 1009 proloquii]
1175 954 1467 1006 proloquiique
1488 953 1642 1005 RSch.,

150 1021 243 1071 171,
275 1020 302 1062 2
332 1019 569 1076 nequimus]
613 1020 883 1073 nequiuimus
913 1020 1072 1071 RSch.,
1124 1022 1215 1074 177,
1250 1022 1301 1063 12
1340 1022 1466 1063 eiiam
1498 1035 1575 1064 om,
1608 1023 1644 1065 R

146 1087 241 1133 Βοὴ
263 1114 316 1121 -
338 1088 416 1129 His
438 1090 539 1131 alios
560 1088 750 1130 addimus
774 1089 895 1141 locos,
918 1091 1065 1142 quibus
1088 1088 1247 1131 Schotti
1267 1090 1476 1141 lectiones,
1500 1103 1642 1143 quam-

147 1156 211 1199 uis
241 1156 490 1199 dissentiant
531 1170 625 1199 cum
657 1157 792 1199 codice
823 1158 871 1209 R,
908 1158 1049 1199 tamen
1081 1171 1127 1198 ex
1158 1159 1364 1199 communi
1396 1158 1521 1207 fonte,
1554 1158 1642 1200 dico

150 1239 169 1266 e
192 1225 441 1267 Tornacensi
459 1225 610 1268 codicis
627 1226 663 1267 R
684 1226 911 1279 simillimo,
935 1239 958 1268 a
975 1225 1143 1267 Schotto
1160 1227 1307 1267 leuiter
1331 1227 1493 1268 tautum
1514 1239 1643 1280 neque

147 1296 256 1335 recte
298 1294 517 1336 emendato
558 1294 758 1349 originem
801 1295 965 1336 duxisse
997 1294 1108 1336 facili
1148 1294 1312 1348 negotio
1353 1295 1641 1348 perspiciatur:

147 1374 235 1415 pag.
267 1361 336 1412 47,
368 1361 393 1402 9
424 1361 595 1416 faciam,
623 1376 701 1416 quo
722 1375 786 1404 me
806 1361 992 1420 ueriam]
1011 1362 1223 1414 faciamus
1243 1375 1322 1415 quo
1343 1375 1406 1403 me
1426 1365 1644 1403 uertamur

147 1431 195 1485 R,
227 1430 437 1483 faciamus
479 1444 610 1483 quoue
640 1434 854 1473 uertamus
892 1431 1000 1481 Βοὴ,
1049 1430 1115 1481 52,
1147 1431 1175 1471 4
1204 1443 1378 1485 aquosce
1407 1429 1466 1486 te]
1495 1443 1641 1484 aquos-

146 1498 222 1541 cite
252 1499 359 1550 RS¹,
391 1499 584 1552 aquoscis
615 1502 651 1540 te
681 1499 790 1551 Βοὴ,
836 1499 903 1548 55,
936 1500 962 1540 9
991 1498 1154 1554 qloria]
1178 1498 1351 1552 qloriassl
1376 1499 1426 1549 R,
1459 1498 1643 1552 qloriam

147 1568 254 1617 Βοὴ,
304 1568 398 1618 119,
435 1568 486 1610 13
516 1567 896 1622 mensurabilibus]
928 1566 1077 1620 quibus
1109 1568 1200 1609 add.
1223 1567 1270 1617 R,
1302 1566 1529 1619 quibusque
1549 1566 1641 1608 add.

147 1635 253 1685 Sch.,
288 1637 381 1690 145,
414 1637 440 1678 6
471 1634 737 1692 quaerimus]
768 1648 1015 1689 quaeremus
1045 1636 1092 1687 R,
1125 1647 1375 1689 quaeramus
1406 1634 1514 1683 Βοὴ,
1548 1635 1642 1685 148,

146 1704 202 1746 20
240 1704 453 1760 iutelleqe]
488 1704 722 1758 intelleqere
753 1705 801 1757 R,
834 1704 1065 1758 iutelliqere
1106 1704 1295 1746 debemus
1326 1703 1430 1754 Βοὴ,
1466 1703 1557 1756 173,
1589 1704 1644 1746 20

146 1773 249 1828 quo]
286 1773 390 1827 quid
420 1774 467 1827 R,
516 1773 624 1827 quod
662 1773 769 1825 Βοὴ,
819 1774 913 1826 177,
946 1773 969 1814 7
1000 1772 1180 1826 duoque]
1217 1772 1298 1814 duo
1328 1785 1445 1824 quem
1475 1772 1524 1819 R,
1563 1771 1643 1813 duo

145 1842 308 1894 quidem
339 1842 435 1888 Βοὴ

200 1923 427 1965 Maximam
472 1923 601 1978 igitur
644 1923 894 1964 intercedere
939 1921 1257 1964 similitudinem
1308 1920 1418 1961 inter
1457 1919 1488 1959 T
1529 1919 1570 1960 et
1607 1919 1643 1960 R

147 1990 340 2044 exemplis
371 1992 490 2033 modo
521 1992 742 2046 propositis
762 1991 993 2033 luculenter
1014 2002 1205 2043 apparere
1226 1989 1336 2041 puto.
1371 2000 1501 2041 neque
1523 1987 1643 2029 aliter

146 2059 195 2101 de
226 2060 361 2101 codice
392 2061 424 2101 T
455 2060 724 2103 iudicandum
756 2060 831 2108 est,
856 2059 891 2101 si
923 2070 1070 2113 paucos
1102 2069 1168 2098 eos
1189 2057 1298 2098 locos
1324 2056 1640 2105 consideramuS,

146 2128 294 2182 quibus
331 2128 633 2171 Tornacensem
666 2142 690 2171 a
720 2128 757 2170 R
788 2127 910 2182 plane
951 2126 1160 2168 diuersam
1200 2125 1418 2167 lectionem
1450 2122 1641 2164 exhibere

146 2195 341 2238 Schottus
372 2197 516 2240 tradit.
566 2210 661 2240 nam
695 2198 783 2238 siue
814 2195 1008 2238 Schottus
1039 2206 1114 2235 sua
1146 2193 1377 2234 commenta
1397 2202 1466 2244 pro
1491 2190 1640 2232 codicis

146 2263 350 2316 scriptura
381 2265 616 2307 uenditauit
635 2290 682 2296 —-
704 2264 813 2317 quod
844 2262 1031 2316 equidem
1055 2261 1294 2302 crediderim
1305 2283 1372 2307 —-‚
1390 2259 1477 2300 siue
1499 2270 1643 2300 reuera

147 2331 270 2373 codex
314 2332 420 2374 talia
465 2333 668 2386 praebuit,
717 2334 827 2374 certe
872 2343 1014 2372 omnes
1061 2330 1147 2371 eius
1193 2327 1306 2369 modi
1351 2327 1547 2368 lectiones
1584 2326 1642 2366 ita

147 2402 407 2452 comparatae
438 2401 546 2450 sunt,
580 2402 628 2442 ut
659 2413 680 2442 e
712 2399 863 2441 codicis
897 2399 934 2440 R
956 2397 1158 2450 scriptura
1178 2408 1202 2437 a
1223 2395 1393 2437 Schotto
1415 2395 1481 2435 uel
1503 2406 1526 2434 a
1546 2392 1641 2435 libri

146 2468 413 2510 Tornacensis
441 2468 734 2521 interpolatore
755 2467 875 2508 fictae
895 2465 1126 2514 uideantur,
1159 2463 1274 2505 uelut
1295 2463 1401 2515 quod
1423 2463 1456 2503 T
1478 2460 1642 2502 exhibet

147 2536 317 2578 Schotto
350 2538 455 2578 teste
486 2549 671 2589 quonam
701 2539 810 2590 (pag.
832 2534 900 2585 24,
937 2534 975 2586 1)
1010 2545 1081 2586 pro
1115 2531 1292 2585 genuina
1322 2542 1418 2571 uoce
1448 2540 1641 2581 quorsum

147 2607 291 2646 natum
330 2617 416 2646 esse
447 2617 468 2646 e
498 2617 688 2656 quorum,
729 2603 834 2656 quod
874 2601 999 2643 habet
1029 2601 1066 2642 R
1099 2602 1206 2653 (cum
1237 2598 1348 2652 HS),
1389 2596 1568 2649 apparet,
1600 2595 1641 2635 et

149 2673 242 2720 180,
282 2672 336 2713 22
368 2673 400 2714 T
431 2674 500 2714 uel
540 2672 756 2714 Schottum
798 2671 920 2712 enisu
961 2668 1156 2721 quopiam
1194 2678 1265 2719 pro
1304 2664 1423 2706 enisu
1453 2662 1639 2715 cuipiam

146 2743 341 2793 praebere
380 2741 503 2783 facile
543 2740 840 2793 intellegimus,
872 2737 908 2779 si
941 2737 1123 2778 codicem
1154 2735 1190 2775 R
1219 2733 1339 2775 enisu
1369 2731 1539 2784 cupiam
1570 2742 1637 2771 ex-
