1884 2998
282 147 363 190 108
795 144 1042 181 Claudiani
1066 143 1274 179 Mamerti

279 274 362 314 lem
394 270 572 325 corporis
603 269 809 325 elegisses,
841 270 1108 324 perexiguum
1130 270 1328 312 formicae
1350 281 1496 323 corpus
1520 269 1781 324 obponerem,

279 341 345 382 sin
390 339 519 383 animi
558 338 760 394 uigorem,
797 337 908 381 hunc
946 340 1122 381 eundem
1165 339 1331 381 nullum
1371 338 1600 381 secundum
1630 339 1783 382 molem

279 408 364 450 fore
409 408 710 461 conuincerem,
756 407 872 449 cuius
918 419 1006 449 esse
1050 406 1156 449 nihil
1196 409 1239 450 in
1280 407 1357 450 illa
1396 419 1592 461 corporea
1635 408 1784 450 cameli

279 476 572 532 magnitudine
602 477 906 530 conprobarem.
957 475 1053 518 hinc
1083 476 1211 519 etiam
1241 476 1319 518 tibi
1359 476 1648 518 Maronianum
1677 476 1785 518 illud

279 545 501 596 obicerem,
536 545 644 599 quod
675 544 890 587 uerissime
922 544 971 586 de
1001 545 1174 598 apiculis
1205 544 1365 587 dictum
1397 544 1481 586 est:
1543 549 1546 554 '
1813 559 1829 585 5

365 637 612 692 ingentes
643 637 845 678 animos
882 637 1107 690 angusto
1138 636 1186 678 in
1217 637 1432 691 pectore
1463 639 1698 679 uersam,

335 728 425 770 Iam
469 740 564 770 cum
609 740 732 781 super
777 727 890 769 statu
931 726 1109 769 hominis
1147 727 1367 770 dissertare
1413 728 1649 782 coepissem,
1688 739 1712 769 a
1742 726 1784 768 te

279 795 434 839 scilicet
479 809 585 839 nouo
623 798 849 850 geometra,
895 797 942 838 ut
986 795 1152 850 ingenia
1197 809 1549 850 quorumcumque
1596 796 1783 838 dinosce-

278 878 380 920 rem,
412 866 717 920 decempedam,
748 878 830 908 non
860 865 1061 908 iudicium
1090 865 1338 919 flagitarem.
1389 865 1462 907 ubi
1492 866 1529 907 si
1560 865 1633 906 illo
1666 864 1784 906 forsi-

279 934 352 976 tan
396 934 595 976 uoluisses
627 935 690 976 uti
731 933 933 988 perfugio,
981 936 1029 975 ut
1074 934 1230 976 diceres
1275 934 1505 976 inuisibilia
1546 932 1784 975 uisibilibus
1799 951 1832 977 10

279 1014 362 1044 non
393 1014 513 1055 posse
544 1002 699 1057 metiri,
732 1015 752 1044 e
774 1002 951 1058 uestigio
972 1004 1263 1056 responderem
1300 1017 1348 1045 ex
1375 1003 1661 1058 magnitudine
1695 1014 1785 1044 cor-

280 1071 392 1124 poris
424 1071 533 1125 quod
563 1072 749 1113 animum
778 1071 1009 1113 includeret
1039 1084 1159 1125 posse
1197 1073 1334 1114 metiri
1364 1072 1552 1114 animum
1583 1072 1653 1125 qui
1696 1082 1784 1112 cor-

280 1152 357 1194 pus
388 1139 583 1194 inpleret.
634 1140 670 1181 si
701 1151 780 1182 non
812 1153 929 1194 posse
968 1140 1153 1192 dixisses,
1194 1140 1502 1183 instantissime
1534 1151 1785 1194 quaererem,

282 1220 354 1251 cur
383 1208 473 1250 fieri
507 1209 555 1250 de
587 1208 766 1262 corporis
797 1221 945 1263 genere
976 1221 1056 1250 uno
1086 1222 1167 1251 11011
1197 1212 1347 1263 posset,
1380 1210 1487 1263 quod
1518 1208 1566 1250 de
1595 1207 1785 1249 omnibus

281 1278 449 1330 posset}>
481 1278 516 1319 si
549 1276 759 1319 adnuisses
790 1288 923 1328 posse,
952 1276 1135 1318 dicerem
1173 1275 1252 1318 tibi
1294 1287 1484 1318 sermone
1523 1274 1834 1329 propheticoz15

280 1345 409 1388 uade
457 1346 517 1387 ad
562 1345 853 1394 formicam,
895 1357 917 1387 0
947 1344 1120 1399 piger,
1167 1345 1216 1386 et
1253 1345 1520 1386 aemulare
1559 1343 1788 1385 uidendo

281 1416 396 1457 uias
436 1415 565 1463 eius,
616 1414 660 1455 id
690 1417 752 1456 est
793 1413 1073 1467 prouidentiae
1114 1412 1215 1463 eius,
1260 1413 1339 1455 nisi
1380 1413 1485 1455 forte
1535 1412 1787 1454 credendum

282 1484 346 1525 est
376 1485 425 1526 ob
455 1482 498 1525 id
527 1495 602 1525 nos
643 1482 807 1525 oraculo
845 1481 1011 1524 caelesti
1042 1482 1328 1532 commonitOS,
1371 1482 1418 1523 ut
1457 1480 1674 1535 gradiendi
1705 1480 1786 1521 sci-

282 1552 437 1594 entiam
468 1564 492 1594 a
527 1552 701 1593 formica
741 1563 1043 1604 quaereremus.
1095 1563 1176 1592 non
1216 1552 1257 1592 te
1298 1550 1341 1591 in
1381 1550 1458 1592 hac
1504 1549 1787 1603 prolocutione

281 1619 479 1662 sollicitet
510 1619 753 1661 ambulandi
785 1631 896 1671 cura,
937 1619 1009 1660 sed
1040 1618 1187 1673 agendi
1218 1619 1415 1669 sollertia,
1448 1620 1495 1660 ut
1803 1640 1837 1666 20

419 1779 440 1812 6
464 1778 570 1822 Verg.
597 1777 723 1822 Georg.
748 1777 799 1813 IV
824 1777 868 1813 83
1009 1778 1052 1812 16
1076 1777 1179 1812 Prou.
1207 1778 1238 1819 6,
1265 1778 1286 1812 6

351 1927 373 1961 2
398 1927 429 1961 si
454 1927 541 1962 libri
560 1930 711 1971 praeter
734 1927 782 1961 M
907 1927 930 1961 4
953 1926 1011 1961 hic
1035 1926 1119 1961 libri
1139 1930 1294 1971 praeter
1317 1926 1391 1961 Mb
1416 1930 1451 1961 et
1476 1926 1555 1962 Sch.
1685 1925 1789 1971 illud]

283 1984 328 2019 ob
360 1985 426 2019 hoc
462 1984 548 2020 add.
580 1984 667 2019 libri
698 1987 848 2029 praeter
880 1983 1106 2020 DEFGPT
1127 1988 1159 2019 et
1185 1984 1370 2019 Schottum
1508 1985 1529 2019 5
1565 1994 1633 2028 quo
1671 1983 1700 2019 S

283 2041 648 2077 uersissime-HL1R
786 2041 807 2075 6
839 2042 1027 2075 uersantur
1057 2041 1094 2076 R
1232 2041 1251 2074 7
1284 2040 1436 2075 disserta
1461 2040 1607 2085 (diserta
1632 2040 1666 2085 b)
1699 2050 1791 2075 rece-

283 2121 416 2165 pissem
441 2121 517 2156 Mb
633 2121 656 2155 8
680 2102 858 2164 geometrss
885 2121 929 2163 S,
970 2121 1184 2166 geometrica
1208 2120 1245 2156 R
1360 2130 1603 2165 cognoscerem
1627 2120 1700 2155 Mb

284 2190 305 2224 9
331 2189 578 2234 decempedam
602 2188 685 2234 non]
713 2189 1010 2233 decempedanum
1029 2190 1075 2234 10²
1093 2189 1259 2225 Schottus
1284 2200 1302 2224 e
1327 2189 1448 2225 codice
1476 2189 1510 2223 T
1530 2190 1573 2224 in
1597 2190 1705 2230 notis,
1730 2189 1793 2225 sed

283 2247 372 2282 haec
408 2246 513 2281 lectio
546 2246 666 2280 errori
701 2247 923 2291 typographi·
953 2246 1155 2281 tribuenda
1187 2246 1335 2281 uidetur
1361 2256 1433 2290 pro
1464 2245 1710 2290 decempedam
1742 2246 1792 2287 in,

284 2303 381 2348 quod
417 2303 497 2338 Sch.
535 2303 642 2338 habet
676 2303 719 2338 in
754 2307 857 2338 textu
1022 2314 1090 2338 non
1128 2303 1301 2338 iudicium
1338 2303 1475 2338 codices
1508 2313 1595 2348 quos
1630 2302 1793 2338 uidimus

284 2371 420 2404 omnes,
469 2359 507 2394 in
543 2360 715 2394 iudicium
753 2360 852 2403 Seli„
900 2371 970 2395 non
1007 2360 1167 2395 indicum
1203 2359 1374 2395 camelum
1411 2360 1431 2394 b
1584 2359 1627 2394 10
1662 2359 1792 2404 ,pfugio

284 2418 370 2463 Rp‘
498 2418 539 2452 11
568 2419 694 2452 meteri
725 2418 860 2453 GHLS
977 2428 994 2452 e
1018 2418 1357 2463 uestigio—metiri
1382 2428 1446 2452 om.
1476 2417 1525 2453 ΘΙ
1653 2417 1794 2461 magni-

284 2475 447 2510 tudinem
472 2475 510 2511 R
649 2474 692 2510 12
717 2475 872 2509 animam
896 2475 933 2511 R
1072 2475 1115 2510 13
1139 2475 1285 2520 implere
1309 2475 1358 2510 M
1363 2475 1383 2510 b
1523 2475 1566 2509 14
1589 2474 1673 2509 cllur
1700 2475 1794 2518 (erat

285 2534 385 2576 cuur)
411 2532 464 2574 L,
505 2543 586 2567 cum
610 2533 648 2569 R
786 2532 830 2567 15
861 2534 980 2576 posset
1013 2532 1094 2575 GS,
1135 2532 1250 2576 possit
1273 2533 1350 2568 rell.
1376 2535 1410 2567 et
1434 2531 1588 2566 editores
1723 2530 1794 2565 tibi

286 2588 437 2624 dicerem
463 2589 619 2625 editores
753 2599 947 2624 sermonem
971 2590 1214 2634 propheticum
1238 2589 1331 2631 Mb,
1371 2599 1564 2623 sermonem
1589 2589 1793 2633 prophetico

285 2646 323 2682 R
461 2647 504 2681 19
538 2646 583 2681 ad
615 2646 800 2681 formicam
831 2646 998 2689 ABDF,
1039 2646 1236 2680 allformicll
1267 2646 1322 2689 E,
1364 2657 1384 2680 a
1408 2646 1593 2681 formicam
1624 2646 1703 2682 HR

286 2703 332 2738 20
362 2706 447 2738 cura
474 2703 510 2738 R
648 2703 844 2739 sollertiam
876 2703 913 2739 R
1051 2705 1093 2737 ut
1117 2703 1214 2747 quod
1238 2713 1359 2738 omnes
1383 2703 1465 2738 libri
1487 2703 1666 2748 praebent
1689 2703 1730 2738 irc
1753 2713 1793 2738 ac

286 2760 495 2796 immutauit
520 2763 553 2795 et
576 2760 617 2795 in
639 2761 778 2805 prioris
801 2770 931 2796 uersus
954 2760 1063 2795 1111110
1086 2760 1275 2795 collocauit
1299 2759 1381 2796 Seli.
