1884 2998
762 101 987 148 Epistula.
1595 110 1622 153 7

122 225 284 270 diuerso
314 226 480 270 adfectu
509 226 666 271 Iacob
688 227 944 271 dilexisse
973 229 1023 271 et
1052 229 1188 273 Esau
1217 231 1336 274 odio
1377 233 1623 277 habuisse

123 295 382 338 describitur.
434 296 672 339 contristari
711 297 754 338 in
785 297 967 350 peccatis
1014 297 1164 340 nostris
1203 300 1245 341 et
1280 300 1428 344 laetari
1472 302 1624 345 dicitur

122 363 166 405 in
210 364 401 418 operibus
446 365 532 407 suis
579 366 620 406 et
666 363 898 407 adfectibus
945 364 1164 408 subiacens
1203 369 1252 409 de
1292 380 1334 410 se
1372 369 1461 422 ipse
1500 370 1623 413 dicit:

122 433 365 485 paenitet
394 445 434 474 m
449 445 470 474 e
500 432 690 474 fecisse
729 432 1009 486 hominem,
1052 433 1171 476 etde
1203 447 1365 478 summa
1395 438 1496 480 caeli
1527 439 1622 480 sede

94 501 384 555 spronuntiat:
425 501 599 553 Saule,
638 500 815 551 Saule,
857 503 980 556 quid
1018 515 1092 544 me
1135 505 1501 558 persequeris?
1539 506 1623 548 iam

124 569 167 612 et
209 569 481 623 conpatientis
519 569 736 611 ostendere
775 570 987 612 adfectum
1028 570 1204 624 uidetur,
1238 584 1333 614 cum
1363 572 1482 616 dicit:
1515 587 1536 616 e
1545 587 1563 616 s
1574 589 1623 616 u-

123 637 237 679 riui
270 641 317 681 et
350 638 575 681 dedistis
609 639 733 680 mihi
763 641 1101 689 manducare,
1133 639 1289 682 sitiui
1311 643 1361 683 et
1392 642 1624 683 dedistis

123 705 250 747 mihi
280 707 364 748 bib
375 720 396 748 e
405 720 425 748 r
439 719 460 748 e
473 738 483 757 ‚
522 708 563 749 et
594 707 755 760 reliqua
784 707 908 749 huius
940 708 1062 759 modi,
1110 720 1213 761 quae
1245 710 1466 751 memoriae
1496 710 1625 752 abun-

124 775 274 817 danter
304 777 537 818 occurrunt.

76 868 112 894 ιο
182 853 271 906 Quo
302 855 422 897 modo
453 867 563 909 ergo,
600 854 636 897 si
668 856 888 909 quisquam
918 858 1104 899 sacerdos
1134 856 1360 911 multiplici
1389 858 1627 911 linguarum

124 922 300 965 scientia
330 924 541 978 praeditus
573 927 614 966 et
645 925 687 966 in
718 924 852 966 medio
882 924 1142 967 diuersarum
1165 925 1356 980 gentium
1378 925 1628 968 constitutus

123 991 363 1034 Hebraeum
411 991 616 1042 Hebraeo,
674 991 879 1034 Graecum
931 991 1098 1045 Graeco,
1159 993 1392 1036 Romanum
1442 994 1628 1036 Romano

124 1061 406 1103 instructurus
436 1060 625 1114 adloquio
666 1062 892 1103 secundum
924 1062 1181 1116 singulorum
1212 1062 1471 1104 intellectum
1501 1062 1629 1103 uerba

125 1129 347 1172 conformet
387 1130 428 1172 et
464 1130 577 1171 iuxta
616 1129 737 1171 unius
778 1129 976 1183 cuiusque
1016 1142 1184 1172 sensum
1223 1131 1304 1172 oris
1353 1131 1416 1172 sui
1464 1130 1628 1183 coaptet

78 1214 112 1240 15
124 1199 365 1252 adloquium
406 1199 449 1240 et
489 1198 672 1241 dissonas
713 1199 835 1240 unius
881 1198 1013 1240 cordis
1060 1199 1102 1241 et
1147 1199 1411 1253 [peccatoris]
1452 1198 1628 1251 pectoris

125 1279 246 1310 uoces
283 1267 327 1308 in
366 1267 502 1309 uarios
540 1268 752 1320 dispenset
793 1267 972 1318 auditus,
1013 1267 1075 1309 ita
1114 1271 1154 1310 et
1195 1268 1293 1309 deus
1333 1280 1426 1310 cum
1464 1267 1629 1309 homine

125 1336 339 1379 locuturus
370 1337 583 1378 adsumere
624 1335 821 1390 dignatur
852 1335 1030 1377 hominis
1060 1336 1263 1391 linguam,
1295 1336 1474 1378 formam
1504 1336 1628 1377 etiam

125 1404 390 1458 suscepturus
421 1404 648 1446 humanam
679 1416 753 1457 per
783 1404 1077 1446 intellectuum
1108 1407 1344 1447 nostrorum
1375 1415 1492 1447 sonos
1514 1404 1627 1446 ordi-

125 1474 343 1516 nationum
381 1475 615 1515 nostrarum
647 1474 905 1516 contestatur
935 1474 1135 1516 adfectus.
1186 1486 1283 1517 nam
1323 1474 1421 1515 dum
1453 1471 1629 1525 quinque

80 1541 404 1585 sohumanorum
436 1554 633 1584 sensuum
655 1542 789 1584 officia
809 1542 1045 1584 describens
1066 1543 1128 1584 ita
1148 1542 1271 1585 dicit:
1303 1540 1443 1584 oculi
1473 1539 1629 1582 domi-

128 1610 179 1652 ni
217 1623 369 1664 super
407 1610 585 1653 iustos
625 1611 674 1652 et
715 1623 866 1652 aures
905 1610 1016 1652 eius
1051 1611 1112 1653 ad
1142 1623 1329 1664 preces
1360 1621 1557 1659 eorum,
1590 1611 1631 1649 et

127 1679 302 1721 iterum:
335 1690 385 1721 os
415 1678 616 1722 domini
646 1679 883 1721 locutum
912 1682 1011 1731 est,
1038 1679 1161 1721 item:
1194 1682 1243 1721 et
1274 1680 1522 1721 odoratus
1552 1677 1632 1718 est

128 1750 337 1791 odorem
376 1748 694 1800 suauitatis,
737 1748 800 1790 et:
840 1760 1020 1790 manus
1058 1760 1169 1789 mea
1208 1747 1340 1790 fecit
1377 1746 1506 1788 haec
1535 1757 1629 1787 om-

128 1818 229 1859 nia.
277 1816 478 1858 caelum
507 1817 635 1859 mihi
665 1817 886 1859 thronus
918 1818 1016 1868 est,
1048 1818 1194 1859 terra
1224 1819 1399 1858 autem
1429 1814 1631 1857 scabel-

266 1960 284 1993 1
317 1959 471 1994 Malach.
506 1959 536 1999 1,
568 1959 675 2004 2sq.;
729 1959 829 1993 Rom.
861 1959 893 2001 9,
927 1958 971 1992 13
1107 1958 1130 1992 4
1161 1956 1249 1992 Gen.
1273 1957 1305 1999 6,
1340 1957 1359 1991 7
1495 1955 1518 1990 5
1549 1955 1631 1990 Act.

126 2016 159 2057 9,
183 2015 207 2050 4
344 2017 366 2051 6
398 2015 527 2052 Matth.
561 2016 616 2058 25,
641 2016 687 2051 35
825 2015 871 2050 20
902 2015 1033 2050 Psalm.
1058 2014 1114 2056 33,
1140 2015 1183 2049 16
1320 2013 1366 2048 22
1391 2012 1484 2047 Esai-
1512 2013 1543 2055 1,
1566 2011 1631 2054 203

127 2073 215 2109 Gen.
240 2073 273 2116 8,
298 2072 343 2107 21
480 2072 525 2108 23
550 2072 644 2107 Esai.
670 2073 725 2114 66,
753 2073 770 2107 1

197 2206 214 2239 1
243 2204 385 2240 diuersu
410 2205 445 2239 Z
575 2204 678 2239 llodio
705 2204 764 2248 (=
779 2203 901 2247 hodio)
926 2204 960 2238 Z
1089 2202 1253 2237 llabuisse
1277 2201 1312 2235 Z
1445 2200 1469 2234 4
1492 2199 1632 2243 penitet

127 2262 163 2296 Z
268 2263 291 2297 5
314 2261 387 2296 iam
411 2262 560 2306 scripsi,
597 2272 679 2296 nam
705 2261 741 2296 Z
755 2261 927 2296 Canisius
1034 2260 1055 2294 6
1079 2259 1327 2304 compacientis
1352 2257 1387 2292 Z
1486 2257 1527 2290 11
1554 2265 1631 2299 pre-

128 2319 226 2354 ditus
252 2319 287 2353 Z
411 2319 455 2354 12
477 2319 649 2354 hebreum
673 2319 707 2353 Z
832 2318 960 2353 hebreo
986 2318 1020 2352 Z
1145 2326 1316 2361 graegum
1341 2314 1376 2348 Z
1499 2322 1631 2358 graego

128 2378 163 2411 Z
300 2377 345 2411 14
375 2376 574 2412 conformet
599 2376 799 2417 Har-telius,
838 2375 1022 2411 confirmet
1052 2375 1088 2409 Z
1098 2373 1269 2410 Oanisius
1408 2371 1450 2405 15
1474 2370 1632 2405 dissonas

127 2435 340 2476 Hartelius,
380 2434 533 2469 dissonis
559 2434 594 2468 Z
608 2433 778 2470 Canisius
910 2434 946 2466 et
968 2431 1174 2477 peccatoris]
1201 2430 1420 2473 exspectatus
1451 2427 1632 2469 canisius,

127 2502 252 2527 uocem
283 2493 478 2537 peccatoris
510 2491 605 2527 delet
636 2495 761 2535 utpote
786 2500 857 2535 per
888 2489 1172 2535 dittoqraphiam
1203 2491 1317 2522 ortam
1349 2485 1543 2520 Har-telius

128 2549 172 2583 17
189 2549 405 2594 loquuturus
422 2549 458 2583 Z
575 2548 736 2583 homines
754 2547 790 2581 Z
912 2550 996 2581 ante
1011 2546 1161 2580 formam
1175 2544 1332 2587 fortasse
1347 2543 1383 2575 et
1398 2539 1632 2576 inserendum

128 2610 181 2641 est
285 2607 330 2642 18
345 2607 567 2641 intellectum
586 2607 745 2640 nostrum
762 2605 775 2639 l
878 2614 983 2639 sonus
1001 2604 1035 2638 Z
1138 2602 1180 2637 19
1198 2601 1354 2636 testatur
1371 2597 1540 2634 Canisius

128 2663 174 2698 20
205 2663 323 2698 offitia
355 2664 389 2698 Z
531 2662 731 2697 describens
762 2661 943 2703 canisius,
969 2659 1138 2695 discribes
1163 2658 1212 2699 Z,
1254 2668 1303 2691 an
1327 2653 1520 2690 discribens
1544 2653 1632 2688 scri-

129 2720 316 2756 bendum?
455 2720 499 2754 24
524 2719 711 2754 scabillum
735 2718 771 2752 Z
