1884 2998
616 75 673 109 De
698 77 825 110 statu
849 76 1023 110 animae
1055 75 1073 111 1
1095 78 1128 111 8.
1564 78 1618 121 47

803 209 931 263 VIII.

118 337 242 376 QVOD
274 336 412 367 OMNIS
443 335 590 367 ANIMA
622 335 682 365 EX
712 335 865 366 NVLLO
895 337 1091 367 PRORSVS
1124 338 1366 369 ELEMENTO
1396 339 1485 371 AVT
1506 340 1619 379 QVO-

539 404 674 434 LIBET
705 404 912 435 CORPORE
943 404 1011 435 SIT
1042 406 1201 437 FACTA.

174 496 276 538 Ecce
324 496 449 538 habes
497 496 765 549 omnigenum
810 507 956 550 corpus
1002 509 1048 538 ex
1093 497 1283 540 omnibus
1323 498 1538 540 elementis
1575 499 1618 542 in

88 564 322 609 5fabricam
354 563 532 619 corporis
563 563 737 605 humani
776 565 966 606 aeternae
1003 564 1116 606 illius
1148 565 1332 608 musicae
1362 565 1431 608 uix
1461 567 1618 620 cogita-

117 632 274 675 bilibus
306 632 440 674 modis
472 634 596 685 atque
629 631 865 674 harmoniae
887 632 1049 675 ratione
1070 633 1337 687 permixtum.
1383 633 1490 687 elige
1511 646 1619 676 nunc

119 714 164 743 ex
196 713 274 754 quo
305 691 522 755 corporum
552 713 704 753 genere
734 701 872 743 anima
910 701 980 753 sit,
1013 702 1049 743 si
1080 714 1224 755 corpus
1247 704 1309 744 est
1330 703 1480 746 anima.
1526 703 1620 756 quia

118 770 154 811 si
197 782 277 812 non
320 771 393 811 aut
433 782 480 811 ex
525 780 605 811 uno
652 769 799 811 horum
831 770 904 812 aut
934 783 982 812 ex
1013 770 1219 824 aliquibus
1249 773 1321 813 aut
1352 783 1398 813 ex
1429 770 1619 812 omnibus

120 838 355 893 corporibus
387 840 450 881 est
480 837 632 892 anima,
664 850 746 879 non
777 839 839 880 est
874 850 1035 893 corpus.
1090 841 1159 881 sed
1191 839 1288 893 quid
1311 851 1419 881 nunc
1438 838 1620 881 faciam?

73 929 105 953 10
119 921 198 961 quo
229 921 296 950 me
336 908 497 950 uertam
536 906 768 948 acutissimi
809 908 851 948 et
883 907 1116 950 doctissimi
1153 908 1423 962 disputatoris
1453 906 1617 962 ingenio

119 978 159 1018 et
186 977 274 1018 arte
304 976 585 1030 praeuentus?
616 975 687 1029 qui
717 975 879 1018 scilicet
910 975 1153 1031 intellegens
1175 977 1337 1019 nullum
1359 988 1504 1029 corpus
1533 987 1620 1017 esse

118 1056 248 1099 posse,
281 1044 362 1086 nisi
393 1046 466 1086 aut
496 1044 778 1098 principaliter
809 1057 855 1086 ex
887 1045 1016 1086 nihilo
1048 1046 1243 1098 creatum,
1275 1046 1381 1087 sicut
1417 1044 1619 1087 elementa

118 1115 217 1155 sunt
247 1125 475 1168 corporum,
508 1114 581 1155 aut
612 1125 659 1155 ex
680 1113 743 1154 his
766 1112 977 1167 analogica
998 1115 1158 1156 ratione
1179 1106 1416 1167 formatum,
1438 1115 1618 1156 animam

120 1194 268 1235 corpus
294 1195 377 1224 esse
409 1181 627 1224 decernens
658 1181 809 1223 maluit
841 1183 1016 1224 eandem
1045 1195 1092 1224 ex
1112 1194 1194 1224 uno
1214 1181 1509 1236 principalium
1530 1193 1619 1223 cor-

73 1273 105 1298 15
118 1262 264 1305 porum
313 1250 456 1293 fictam
498 1263 620 1305 quam
660 1264 706 1292 ex
747 1251 940 1293 omnibus
981 1251 1107 1293 fuisse
1146 1251 1413 1304 conpositam.
1471 1248 1620 1292 callido

119 1319 314 1361 uidelicet
345 1321 491 1361 cautus
522 1319 688 1373 ingenio
721 1320 856 1362 noluit
886 1319 1050 1362 animae
1081 1320 1360 1362 substantiam
1391 1318 1618 1360 multorum

120 1399 335 1441 corporum
367 1400 617 1442 congregare
640 1389 831 1439 mixtura,
869 1401 919 1430 ne
950 1401 996 1430 ex
1026 1388 1186 1430 hisdem
1218 1391 1431 1431 contracta
1462 1385 1618 1440 princi-

120 1456 199 1510 piis
246 1455 398 1509 quibus
447 1468 595 1510 corpus
641 1459 877 1507 extrarium,
918 1457 952 1498 si
995 1456 1161 1509 perinde
1202 1456 1405 1498 diceretur
1440 1454 1620 1509 potuisse

121 1525 301 1574 formari,
345 1527 512 1567 eatenus
554 1525 765 1567 uideretur
805 1536 924 1577 posse
965 1524 1147 1567 dissolui.
1200 1527 1446 1578 quapropter
1485 1535 1620 1565 aerem

74 1614 108 1639 20
121 1593 287 1648 delegit,
320 1606 366 1635 ex
398 1606 478 1647 quo
510 1596 583 1635 aut
614 1594 681 1635 cui
703 1593 886 1636 animam
907 1594 1086 1635 similem
1114 1594 1201 1636 fore
1221 1593 1413 1635 decernat
1439 1591 1618 1634 adiciens

120 1663 406 1705 testimonium
436 1663 500 1705 sui
530 1662 665 1705 nescio
698 1663 813 1704 cuius
845 1662 1037 1713 auctoris,
1071 1662 1184 1704 cuius
1216 1663 1316 1704 haec
1346 1660 1474 1703 uerba
1503 1662 1617 1701 sunt:

121 1731 405 1774 nonnullae
435 1733 579 1783 sunt,
601 1731 751 1785 inquit,
773 1730 1050 1785 spiritales
1080 1732 1319 1781 naturae,
1342 1732 1397 1772 ut
1422 1727 1618 1783 angeli,

258 1865 302 1901 22
327 1865 371 1901 cf.
399 1876 479 1911 pag.
508 1866 563 1909 10,
590 1867 606 1902 1

188 1990 211 2025 4
241 1991 336 2025 inter
366 1991 432 2025 hoc
463 1993 497 2026 et
531 1990 699 2034 superius
731 1993 844 2034 caput
874 1989 1052 2034 quaedam
1083 1988 1257 2024 excidisse
1288 1989 1494 2024 arbitratur
1524 1987 1622 2022 Bar-

122 2048 219 2083 thius
357 2048 379 2082 5
410 2047 582 2081 humanae
613 2047 703 2090 Mb,
744 2047 935 2081 humanam
967 2046 1118 2082 coniecit
1141 2046 1200 2081 uel
1231 2046 1355 2090 potius
1391 2043 1622 2080 omittendam

122 2115 195 2140 esse
219 2115 342 2140 uocem
367 2108 408 2140 ut
430 2105 599 2150 ylossema
622 2107 742 2139 censet
765 2104 947 2138 Barthius
1085 2103 1104 2137 7
1131 2103 1179 2137 sit
1203 2102 1322 2137 anima
1345 2101 1537 2137 ABDEF

121 2162 144 2197 8
167 2161 251 2206 non]
277 2163 331 2196 est
356 2160 376 2196 b
390 2160 469 2197 Sch.
586 2161 607 2195 9
631 2160 760 2205 anima]
786 2161 849 2195 aut
865 2159 950 2194 add.
976 2159 1086 2195 bSch.
1203 2159 1374 2193 faciamus
1398 2158 1435 2193 R
1452 2157 1530 2193 Sch-

124 2220 168 2255 10
190 2230 258 2265 quo
282 2220 350 2264 me]
377 2230 490 2264 quoue
516 2218 596 2254 Βοὴ.
735 2220 918 2257 uei-tamus
943 2217 1039 2261 Sch.,
1080 2219 1262 2252 uertamur
1285 2217 1321 2252 R
1459 2216 1501 2250 11
1527 2225 1622 2259 prae·

122 2278 222 2312 uenti
248 2277 327 2313 Sch.
469 2277 511 2312 13
543 2287 728 2320 corporum
752 2278 838 2311 sunt
861 2276 1036 2310 elementa
1061 2275 1157 2318 Sela,
1199 2285 1340 2318 corpora
1365 2275 1449 2308 suut
1473 2274 1621 2307 elemen-

122 2337 239 2370 torum
275 2335 348 2371 Mb
486 2335 606 2369 anima
642 2333 678 2368 in
715 2335 751 2370 R
891 2333 934 2368 14
969 2332 1168 2377 corporum]
1205 2332 1390 2366 aestimare
1421 2329 1506 2365 add.
1544 2329 1622 2365 Sch-

124 2403 141 2426 e
158 2392 278 2427 codice
305 2392 338 2427 Τ
452 2393 495 2427 15
519 2391 653 2426 factam
677 2391 698 2426 b
816 2391 858 2426 16
883 2390 1011 2435 noluit]
1037 2390 1073 2424 in
1099 2389 1183 2424 add.
1216 2389 1249 2423 G
1365 2388 1406 2422 17
1432 2387 1621 2421 mixturam

122 2449 475 2486 A¹B¹DEFGH¹R
612 2448 722 2483 isdem
747 2448 947 2490 BEFHR,
988 2447 1120 2482 eisdem
1144 2445 1264 2488 DLS,
1305 2444 1429 2479 iisdem
1455 2443 1531 2479 Sch.
1560 2443 1621 2485 (cf.

121 2506 292 2549 indicem)
433 2507 475 2541 18
507 2506 648 2550 quibus]
682 2505 781 2539 cuius
818 2505 848 2541 0
968 2503 1109 2549 perinde
1146 2502 1242 2543 GM,
1282 2499 1424 2545 proinde
1455 2500 1532 2535 rell.

124 2563 167 2599 19
197 2563 344 2598 formari
377 2573 444 2598 orn.
477 2562 551 2598 HS
684 2563 842 2597 itatenus
874 2562 966 2597 coni.
998 2560 1177 2595 Barchius
1314 2556 1358 2592 20
1388 2556 1497 2599 elegit
1533 2555 1566 2591 G
1588 2559 1622 2590 et

123 2621 144 2656 b
171 2631 217 2656 ex
237 2620 356 2666 ylossa
379 2621 627 2665 superscripta
651 2620 691 2654 in
718 2620 781 2662 M,
822 2619 946 2663 diligit
970 2619 1006 2654 R
1121 2615 1275 2651 decernit
1301 2614 1336 2650 G
1449 2613 1494 2647 22
1518 2612 1620 2656 spiri—

123 2678 224 2722 tales]
251 2677 469 2722 splendentis
499 2678 529 2713 C
