1884 2998
604 98 663 133 De
687 99 813 134 statu
837 100 1008 135 animae
1038 99 1078 135 II
1103 101 1136 136 9.
1538 102 1617 145 137

117 223 185 266 hic
215 223 346 266 alium
376 225 459 266 situ
490 224 761 266 fetidinarum
792 224 979 278 turpium
1006 237 1055 267 ex
1077 225 1308 267 olenticetis
1327 225 1411 268 suis
1432 238 1481 269 ac
1502 229 1617 268 tene-

116 293 203 334 bris
242 291 426 334 cloacam
465 292 624 334 uentris
654 292 696 334 et
733 291 814 334 oris
850 292 1034 335 inhalare
1066 293 1272 334 sentinam
1317 294 1506 348 interque
1547 307 1617 336 ru-

118 360 315 403 ctandum
346 360 547 414 quasdam
578 360 967 414 suggillatiunculas
998 361 1329 415 fringultientem
1352 363 1402 404 ab
1423 363 1514 415 alie,
1548 363 1618 417 qui

117 428 267 482 stipem
308 441 426 471 suam
467 429 594 471 uariis
624 428 1044 472 conlurcinationibus
1091 429 1355 483 dilapidauit,
1401 431 1619 483 parasitico

89 509 229 540 ⁵more
261 497 436 539 laudari.
488 497 598 539 inter
626 496 700 538 has
731 497 1034 551 huiusdemque
1055 497 1168 539 modi
1190 498 1435 552 quisquilias
1457 499 1616 552 aliquid

115 568 162 607 tu
203 564 390 607 sobrium
431 567 522 606 tuto
563 565 794 607 dixerisne?
834 576 953 619 porro
984 577 1182 618 magnum
1213 566 1379 620 aliquod
1410 580 1430 608 e
1464 567 1618 609 socordi

115 633 238 675 turba
287 633 520 687 periculum
568 633 876 686 periclitabere:
928 633 1131 687 quidum?
1181 633 1418 688 inperito
1469 635 1618 689 quippe

115 701 250 743 nihil
282 701 564 755 quidquam
594 702 864 744 iniustius.
902 702 974 744 hos
996 715 1043 744 ac
1065 703 1169 744 tales
1191 704 1331 744 tamen
1353 704 1516 757 egomet
1536 714 1618 744 non

114 782 289 823 pauesco
340 783 399 821 ac,
441 770 477 811 si
519 770 589 824 qui
625 783 732 812 nunc
763 771 955 813 monendi
985 771 1098 812 locus
1131 774 1207 822 est,
1253 783 1398 814 moneo
1440 784 1617 825 praeque

69 858 101 882 10
116 840 335 882 denuntio:
375 840 526 894 quique
565 840 637 882 isti
678 841 828 895 quique
875 843 973 882 sunt
1017 840 1102 890 alii,
1143 841 1213 894 qui
1253 840 1322 881 uel
1362 840 1405 881 in
1446 852 1617 895 magnos

114 909 224 950 uiros
288 908 480 962 obloquia
548 909 617 950 uel
668 909 718 951 de
767 909 887 951 rebus
948 909 1121 951 summis
1175 909 1444 952 deliramenta
1494 921 1619 962 quae-

115 978 211 1019 dam
243 990 336 1019 cum
369 977 707 1031 conpotatoribus
738 978 976 1032 mussitant,
1011 981 1083 1020 aut
1113 977 1255 1031 palam
1284 978 1508 1031 loquantur
1547 977 1620 1019 aut

113 1047 293 1089 taceant.
356 1047 563 1089 enimuero
614 1047 807 1089 eruentur
856 1047 962 1089 mihi
1012 1049 1133 1101 atque
1179 1047 1446 1089 extrahentur
1492 1046 1617 1088 etiam

113 1116 385 1170 nuncupatim
417 1128 464 1158 ex
515 1115 665 1158 abditis
707 1116 1007 1158 tenebellarum
1050 1116 1120 1169 qui
1160 1115 1360 1158 hactenus
1401 1114 1618 1156 delituere.

69 1203 101 1229 15
114 1186 326 1237 praenosci
359 1198 453 1227 uero
484 1185 594 1235 licet,
636 1187 774 1227 tacere
805 1198 855 1227 ne
888 1184 1065 1227 habeam
1097 1184 1209 1226 facta
1239 1196 1413 1238 quorum
1447 1182 1617 1225 nomina

114 1266 196 1296 non
226 1253 384 1296 tacebo.
436 1253 567 1295 faxint
595 1255 735 1296 tamen
766 1253 838 1295 isti
870 1254 979 1307 quod
1009 1254 1115 1296 foret
1143 1253 1316 1296 libitum
1347 1251 1612 1305 salubresque

249 1377 269 1410 7
296 1376 375 1410 Ter.
401 1376 552 1420 Adelph.
578 1388 613 1411 u.
638 1377 683 1411 98

179 1490 200 1524 1
224 1489 308 1524 hinc
333 1490 565 1525 ABDEFM
591 1491 744 1525 editores
869 1491 957 1525 alios
982 1491 1057 1525 Mb
1175 1492 1206 1526 si
1229 1493 1271 1526 tu
1300 1491 1340 1533 T,
1382 1490 1476 1526 sicut
1496 1500 1525 1534 p

110 1547 384 1582 fetidiuinarum
408 1548 462 1588 R,
503 1548 627 1582 iaetim
653 1548 863 1583 diuitiarum
891 1549 931 1591 T,
972 1549 1186 1583 foetidarum
1207 1560 1234 1593 p
1260 1548 1341 1584 Βοὴ.
1367 1549 1407 1582 in
1422 1551 1526 1582 teaetu

109 1615 149 1639 ex
173 1605 287 1639 olenti
312 1605 400 1639 cetis
424 1605 778 1648 ABGGHLMRS,
820 1617 859 1640 ex
884 1606 995 1641 olenti
1020 1606 1115 1641 cenis
1140 1606 1274 1650 (cellnis
1299 1605 1349 1647 Ε)
1375 1605 1500 1646 DEF,
1541 1612 1617 1637 exo-

110 1663 243 1697 lentem
267 1663 353 1697 cetis
382 1663 422 1706 T,
464 1663 660 1698 exolentem
684 1664 793 1698 coecis
819 1663 897 1699 Sch.
922 1664 964 1699 in
988 1667 1100 1707 textu,
1128 1674 1220 1699 corr.
1243 1663 1287 1698 in
1311 1663 1427 1704 notis,
1467 1660 1617 1696 exolenti

109 1721 219 1755 caecis
252 1720 272 1755 b
433 1721 506 1754 suis
541 1731 608 1756 om.
636 1721 830 1756 ABDEF
961 1721 983 1755 2
1017 1721 1133 1755 cloaca
1165 1720 1283 1756 DEF
1297 1719 1390 1762 Seli,
1431 1719 1548 1754 cloaca
1578 1717 1616 1752 in

106 1788 133 1821 p
271 1777 293 1812 3
325 1777 638 1822 sugillatiunculas
670 1778 732 1820 M,
774 1778 975 1823 sngillatim
1006 1778 1154 1812 unculas
1183 1778 1204 1812 b
1343 1776 1616 1821 singultientem

112 1835 145 1870 G
260 1835 380 1880 aliquo
398 1836 434 1870 B
549 1836 571 1870 4
588 1836 910 1870 conlurcationibus
927 1837 987 1871 uel
1000 1837 1126 1880 potius
1142 1833 1507 1870 conlurcinationibus
1523 1833 1616 1868 coni.

110 1892 279 1927 Schottus
309 1893 349 1926 in
378 1893 492 1936 notis,
535 1893 904 1928 conlucernationibus
936 1893 1021 1928 libri
1045 1897 1080 1928 et
1105 1893 1258 1928 editores
1396 1890 1617 1935 delapidauit

108 1949 183 1984 Mb
306 1951 481 1994 parastico
507 1950 563 1992 M,
605 1951 763 1995 parasito
787 1951 818 1992 b,
858 1951 1036 1995 parasitco
1063 1950 1093 1986 S
1218 1951 1240 1984 5
1262 1949 1353 1984 mole
1382 1949 1412 1985 Ο
1523 1947 1615 1983 eius-

109 2028 258 2073 demque
276 2031 321 2073 p²
449 2031 470 2065 6
496 2012 576 2065 tgto
601 2030 637 2065 R
760 2030 898 2075 aliquid
921 2030 959 2065 R
1080 2030 1200 2074 aliquo
1226 2029 1267 2064 de
1291 2029 1328 2063 A
1446 2027 1544 2063 cordi
1568 2026 1615 2067 B,

108 2085 212 2121 corde
236 2086 363 2129 ΒΕΓ,
404 2086 542 2121 excordi
568 2087 661 2122 coni.
687 2087 767 2123 Βοὴ.
931 2087 950 2121 7
974 2086 1221 2131 periclitauere
1245 2086 1317 2120 Mb
1343 2085 1525 2120 Barthz'us

109 2142 256 2187 quidum
287 2144 588 2190 interroyationis
617 2145 719 2190 siquo
751 2145 879 2180 addito
910 2144 1124 2186 Hartelius,
1166 2145 1227 2188 qui
1259 2143 1343 2178 dum
1371 2143 1457 2178 libri
1483 2145 1517 2177 et
1541 2141 1615 2176 edi-

107 2203 214 2242 tores,
242 2201 384 2245 aliquid
407 2201 472 2237 hoc
497 2201 572 2236 loco
597 2201 773 2237 excidisse
797 2205 915 2237 censet
945 2200 1138 2242 Galland„
1179 2200 1323 2245 quidam
1346 2199 1526 2236 Barthius

107 2256 254 2301 imperio
281 2258 349 2302 Gp
487 2259 592 2303 uippe
622 2259 695 2294 BG
829 2260 851 2293 8
883 2259 1063 2303 quippiam
1094 2258 1276 2293 Barthius
1411 2255 1613 2290 iniustitius

107 2313 145 2349 R
259 2325 298 2349 ac
322 2326 389 2349 om.
409 2326 439 2360 p
559 2317 581 2350 9
605 2316 686 2360 quis
703 2316 810 2361 ΑΘΖ)
925 2325 1054 2360 preque
1070 2314 1357 2354 ADEFHMR,
1392 2317 1483 2358 pque
1499 2311 1612 2354 BLS,

108 2371 215 2415 atque
234 2373 287 2415 P²›
326 2382 497 2417 peraeque
513 2374 620 2417 atque
644 2373 851 2415 Hartelius,
884 2373 946 2408 sed
962 2372 1009 2415 cf.
1028 2372 1104 2407 Sid.
1122 2372 1242 2417 Apoll.
1261 2372 1363 2416 epist.
1383 2370 1410 2405 Ι
1424 2373 1457 2412 9,
1475 2371 1524 2405 23

109 2450 151 2484 11
176 2449 333 2495 obliquia
358 2451 395 2487 R
512 2451 750 2488 deleramenta
766 2453 811 2496 R,
848 2430 1080 2488 diliramenta
1100 2453 1129 2488 S
1256 2452 1301 2486 12
1324 2449 1613 2495 conpotatoribus

107 2518 289 2554 Bao-thius
305 2523 338 2555 et
355 2519 447 2563 Βοὴ,
483 2521 788 2566 computatoribus
804 2522 922 2564 MTb,
960 2521 1222 2567 computoribus
1240 2520 1319 2555 rell.
1453 2519 1498 2553 13
1521 2518 1612 2554 mihi

108 2608 175 2633 om.
201 2599 358 2635 BDEF
477 2601 521 2635 14
545 2602 626 2636 tene
651 2578 813 2636 hilarum
838 2602 875 2646 S,
916 2602 1142 2637 tenebrarum
1161 2603 1206 2645 12²
1323 2600 1367 2635 15
1391 2598 1514 2634 abeam
1544 2598 1617 2634 CH

108 2654 226 2699 LRS,
263 2656 351 2691 abea
374 2656 456 2699 BP,
495 2657 539 2691 ab
555 2668 674 2692 eorum
698 2659 735 2692 A
849 2659 962 2694 tacita
979 2670 1021 2693 ne
1039 2659 1170 2693 abeant
1186 2657 1278 2693 coni.
1305 2656 1387 2693 Βοὴ.
1505 2655 1611 2691 factis

107 2713 143 2745 A
272 2713 315 2747 16
338 2714 455 2748 tamen
480 2714 543 2748 isti
572 2724 638 2749 om.
664 2715 767 2757 M¹b‚
804 2715 889 2751 add.
915 2715 964 2770 M
982 2726 1078 2750 man.
1104 2726 1174 2750 rec.
1300 2713 1469 2748 libllitum
1496 2712 1527 2748 S
