1884 2998
407 254 459 289 Ne
496 255 573 288 tota
609 254 750 298 pagella
787 254 937 294 uacaret,
975 252 1126 286 indicem
1159 253 1285 287 addere
1316 253 1451 297 placuit
1486 254 1651 295 locorum,
1689 264 1773 298 quos

270 313 307 346 in
341 311 558 356 praefatione
590 311 694 354 paulo
726 310 833 344 aliter
864 320 967 354 quam
994 309 1031 342 in
1058 310 1135 353 ipsa
1159 312 1278 343 textus
1303 310 1502 344 recensione
1528 310 1772 345 tractauimus.

270 368 439 404 breuitati
475 367 658 402 studentes
692 367 902 401 subiecimus
934 366 1100 400 editionis
1133 369 1271 401 nostrae
1297 368 1507 411 paginarum
1533 368 1773 412 linearumque

269 436 432 460 numeros
468 424 599 459 additis
635 424 679 458 iis
715 424 944 465 lectionibus,
982 434 1068 467 quas
1106 434 1198 458 nunc
1235 434 1307 457 esse
1345 424 1560 468 recipiendas
1592 434 1772 459 censemus

270 482 420 526 (numeri
446 482 544 516 uncis
569 482 699 516 inclusi
720 481 764 516 ad
782 481 1010 525 praefationis
1029 481 1177 525 paginas
1195 481 1408 525 pertinent):
1436 482 1487 524 19,
1509 483 1526 515 1
1553 482 1682 516 exhinc
1700 481 1771 526 (25)

267 560 312 565 —
337 540 391 581 19,
420 539 461 574 18
490 539 641 573 diuersa
670 539 741 582 (16)
767 558 812 563 —
835 538 890 581 22,
916 538 936 571 9
961 537 1123 572 sentiunt
1148 538 1218 581 (16)
1243 558 1286 563 —
1313 538 1367 580 23,
1394 539 1436 572 16
1466 538 1606 573 intrari
1633 538 1702 581 (44)
1729 558 1771 563 —

268 597 322 638 24,
348 597 369 631 6
394 597 574 641 cognitum
600 596 670 639 (45)
691 617 732 620 —
750 595 806 636 24,
826 595 869 630 14
889 595 1141 630 animaduerto
1160 596 1230 639 (16)
1251 616 1288 620 —
1309 596 1364 638 24,
1384 596 1427 630 15
1444 596 1618 639 inpendio
1638 596 1709 640 (16)
1729 616 1770 620 ——

268 654 322 696 25,
348 655 379 690 5.
406 653 481 695 108,
506 654 528 688 4
552 653 608 688 hic
633 652 706 696 (16)
726 671 764 677 —
785 652 839 693 32,
859 653 901 686 15
926 652 1196 696 obprobandum
1215 652 1284 697 (45)
1302 672 1343 677 ——
1361 652 1417 695 40,
1438 653 1479 687 16
1496 652 1620 696 Moysi
1640 652 1709 695 (45)
1730 672 1770 677 —

266 710 321 751 42,
358 710 398 744 18
429 710 513 744 hinc
547 710 614 744 del.
650 710 719 752 (17)
745 729 787 734 -
813 709 867 751 49,
901 709 921 743 9
954 709 1049 753 quod
1068 735 1098 744 ..
1118 710 1241 755 uiyent
1275 710 1345 752 (17)
1376 730 1412 735 -
1442 710 1496 751 50,
1532 710 1573 744 13
1606 709 1671 743 illa
1703 709 1768 743 del.

215 778 219 779 ⁷
268 767 340 811 (18)
366 787 409 792 -
433 767 487 808 50,
516 767 558 801 18
582 767 685 801 homo
710 766 777 801 del.
805 768 840 800 et
866 777 901 801 es
925 777 987 810 pro
1014 770 1065 801 est
1089 767 1160 810 (18)
1187 787 1229 792 —
1254 767 1308 809 51,
1336 768 1377 803 19
1402 767 1443 801 in
1467 777 1528 811 pro
1553 767 1603 801 sic
1629 767 1699 809 (18)
1726 786 1768 791 —

266 824 321 867 54,
345 825 365 859 3
391 825 546 868 conponi
571 826 607 858 et
632 834 675 858 ca:
701 824 771 866 (18)
800 843 841 848 -
867 824 921 865 56,
953 824 995 858 10
1018 824 1180 868 iusteque
1207 824 1273 859 del.
1306 825 1377 868 (19)
1397 844 1439 849 -
1458 824 1512 866 57,
1538 823 1583 858 20
1607 827 1657 859 est
1687 826 1769 858 ante

265 882 427 917 humana
450 881 516 915 del.
544 881 615 924 (19)
635 901 675 906 —
695 881 749 924 60,
776 881 795 915 7
819 891 952 915 unum.
967 905 975 914 .
997 892 1197 925 unumque.
1213 907 1221 914 .
1248 882 1374 916 anima
1401 881 1470 924 (19)
1491 901 1531 906 —
1550 881 1604 923 60,
1631 880 1674 915 23
1693 891 1769 915 una

265 939 391 974 itidem
416 939 488 982 (31)
515 958 558 963 —
584 939 637 979 61,
665 938 684 972 7
709 938 771 972 sed
800 949 862 982 pro
887 949 986 973 nunc
1012 939 1082 980 (17)
1111 958 1152 963 -
1178 939 1231 980 63,
1266 939 1305 972 11
1333 949 1375 973 ac
1398 949 1460 982 pro
1487 942 1521 973 et
1547 938 1618 982 (19)
1642 956 1689 963 —-
1714 938 1767 978 65,

265 997 285 1030 9
311 996 435 1030 anima
454 1021 484 1029 ..
505 995 649 1039 corpori
675 994 747 1037 (19)
766 1014 804 1020 -—
825 995 881 1037 66,
902 995 943 1029 19
969 994 1138 1030 dissicine
1163 996 1234 1040 (47)
1256 1015 1296 1021 —
1315 996 1368 1037 67,
1395 996 1415 1030 6
1439 1006 1612 1040 maynum
1638 995 1708 1038 (20)
1727 1015 1767 1020 --

265 1053 318 1095 67,
333 1053 376 1087 23
391 1056 524 1088 certum
540 1056 591 1086 est
610 1052 674 1086 del.
691 1051 761 1094 (20)
773 1072 813 1077 —
825 1052 877 1095 70,
898 1053 916 1086 7
930 1053 1186 1096 pusillanimos
1205 1053 1391 1097 (20)-70,
1417 1053 1439 1088 8
1456 1063 1609 1098 maynus
1626 1053 1768 1086 animus

212 1140 215 1142 ,
264 1110 385 1155 Moysi
409 1109 480 1153 (20)
505 1129 550 1134 —
574 1109 626 1151 70,
655 1109 708 1143 13.
735 1109 810 1152 107,
837 1109 891 1143 20.
920 1109 995 1151 112,
1021 1109 1065 1143 23
1089 1110 1193 1144 molis
1217 1109 1287 1153 (44)
1306 1129 1348 1134 —-
1368 1110 1422 1153 70,
1449 1109 1493 1143 20
1517 1120 1591 1144 non
1617 1109 1766 1143 dimitti-

262 1171 334 1209 tur,
361 1171 394 1201 et
418 1167 450 1202 si
473 1177 549 1201 non
566 1166 821 1208 dimitteretur,
839 1177 940 1200 nemo
959 1170 1161 1201 moreretur
1179 1166 1251 1210 (20)
1276 1186 1321 1191 —
1345 1166 1399 1209 73,
1427 1166 1470 1200 10
1494 1167 1611 1201 uitam
1633 1166 1706 1210 (22)
1723 1185 1766 1191 —

263 1224 317 1261 73.
344 1224 386 1258 16
411 1233 542 1267 corpus
567 1223 639 1266 (22)
656 1243 702 1248 —
719 1223 772 1265 76,
801 1223 843 1257 19
867 1223 1033 1268 tanyitur
1059 1223 1131 1266 (22)
1148 1241 1193 1249 --
1211 1223 1263 1265 78,
1288 1224 1328 1258 13
1350 1223 1613 1268 pereyrinatur
1630 1223 1702 1267 (44)
1720 1242 1765 1248 —

264 1281 317 1322 79,
355 1281 396 1315 16
421 1280 574 1315 eundem
601 1280 671 1324 (22)
694 1300 738 1305 -—-
763 1280 819 1321 88,
851 1281 894 1314 21
926 1280 1036 1314 nimie
1061 1280 1128 1314 del.
1155 1280 1227 1325 (24)
1254 1300 1297 1305 -
1322 1280 1376 1322 92,
1408 1280 1451 1314 12
1477 1290 1520 1314 ac
1545 1281 1616 1323 (17)
1642 1300 1684 1305 —
1710 1280 1766 1324 94,

263 1338 306 1372 19
330 1338 371 1371 in
395 1337 539 1372 silentio
565 1337 637 1381 (22)
666 1357 707 1361 —
732 1338 786 1378 95,
818 1337 839 1371 2
865 1337 916 1372 sic
936 1362 943 1370 .
959 1362 989 1370 ..
1010 1337 1105 1381 quod
1130 1337 1202 1380 (18)
1228 1357 1271 1362 -
1297 1338 1349 1379 95,
1382 1337 1423 1371 17
1448 1338 1598 1371 memine
1624 1338 1696 1380 (23)
1724 1357 1764 1361 —

261 1395 314 1436 95,
341 1394 384 1428 22
408 1395 572 1429 meminis
590 1395 660 1438 (23)
686 1414 731 1420 -—
748 1395 803 1436 96,
832 1395 873 1429 16
899 1398 931 1429 et
956 1394 1023 1428 del.
1050 1395 1123 1438 (23)
1142 1414 1183 1419 -
1202 1394 1257 1437 98,
1282 1395 1313 1430 9.
1342 1394 1415 1437 132,
1442 1395 1463 1428 5
1488 1394 1612 1430 dissici
1630 1395 1702 1437 (47)
1724 1415 1762 1419 -

263 1451 340 1494 102,
367 1452 385 1486 1
418 1452 644 1496 incorporali
668 1452 739 1494 (34)
767 1471 806 1477 —
835 1451 911 1493 103,
939 1452 981 1486 16
1006 1452 1105 1486 sinat
1132 1451 1203 1496 (23)
1231 1472 1271 1477 -
1300 1451 1374 1493 104,
1401 1451 1446 1486 20
1470 1462 1597 1496 capere
1624 1452 1694 1495 (23)
1721 1472 1766 1477 —

264 1509 340 1551 106,
375 1509 395 1544 6
422 1509 732 1553 praepositionem
758 1509 828 1554 (46)
857 1529 899 1534 -
927 1509 1003 1550 106,
1032 1509 1073 1544 15
1098 1510 1158 1544 sin
1180 1519 1269 1543 uero
1295 1509 1366 1551 (24)
1395 1529 1439 1534 -—
1467 1509 1541 1550 110,
1568 1508 1613 1542 20
1638 1519 1762 1544 earum

264 1567 338 1611 (24)
361 1586 408 1593 —
434 1567 508 1608 111,
542 1567 563 1602 3
594 1567 765 1602 aduertes
791 1567 861 1611 (24)
887 1586 932 1592 —
960 1567 1032 1609 111,
1067 1566 1085 1600 7
1119 1567 1206 1601 exin
1232 1566 1304 1609 (25)
1330 1587 1368 1593 -
1400 1566 1476 1609 111,
1511 1566 1552 1600 17
1581 1567 1667 1610 quia
1690 1577 1764 1600 non

259 1634 321 1668 pro
346 1634 422 1659 non
446 1624 539 1658 enim
565 1624 637 1665 (17)
667 1645 703 1649 -
733 1624 807 1666 112,
835 1625 878 1658 16
902 1624 1045 1659 numeri
1071 1624 1142 1667 (25)
1168 1641 1215 1649 --
1240 1623 1314 1666 114,
1348 1624 1388 1658 11
1415 1634 1490 1658 non
1516 1627 1631 1667 queat,
1655 1624 1764 1658 habet

259 1681 330 1723 (25)
358 1700 397 1707 —
427 1681 502 1723 114,
535 1681 580 1715 20
601 1682 781 1726 yuttulam
802 1707 828 1713 ..
851 1682 1090 1716 habentem..
1116 1692 1194 1716 eam
1227 1681 1294 1715 del.
1322 1681 1393 1725 (25)
1420 1700 1462 1706 ———
1492 1680 1566 1723 125,
1592 1681 1614 1715 4
1633 1681 1763 1724 penita

258 1748 319 1781 pro
343 1741 471 1782 operta
496 1738 568 1781 (44)
589 1758 632 1763 —
660 1738 735 1781 125,
762 1739 804 1772 21
830 1739 1040 1784 ingruerint
1066 1738 1138 1782 (31)
1160 1758 1198 1763 -—
1220 1738 1295 1780 134,
1323 1739 1361 1772 11
1389 1738 1608 1773 subornatus
1627 1738 1699 1781 (37)
1715 1757 1762 1764 —

259 1794 333 1836 137,
359 1795 382 1829 4
406 1795 789 1830 conlucernationibus
814 1795 887 1839 (46)
904 1815 949 1819 —
968 1795 1045 1838 141,
1069 1795 1092 1829 4
1116 1806 1265 1840 rogares
1293 1795 1362 1836 (30)
1390 1814 1429 1820 —
1458 1795 1534 1838 142,
1562 1795 1604 1830 19
1628 1795 1762 1839 spiritu

255 1861 428 1894 praesens
460 1862 495 1886 es
526 1851 598 1895 (25)
623 1872 669 1878 —-
695 1852 772 1895 142,
804 1852 848 1886 22
880 1855 915 1887 te
948 1852 1014 1886 del.
1050 1852 1122 1896 (26)
1147 1872 1193 1878 —
1216 1852 1292 1894 144,
1326 1853 1346 1886 6
1377 1862 1414 1887 se
1446 1852 1513 1887 del.
1539 1855 1575 1887 et
1598 1863 1673 1888 sese
1698 1864 1759 1898 pro

257 1918 330 1943 esse
354 1908 427 1954 (26)
456 1929 494 1934 —
524 1909 598 1952 151,
624 1910 645 1945 8
671 1914 790 1945 autem
815 1910 881 1944 del.
908 1910 978 1954 (17)
1005 1927 1050 1936 ·—
1076 1910 1151 1952 156,
1176 1910 1197 1945 3
1229 1911 1327 1945 uolet
1351 1910 1425 1954 (26)
1450 1929 1495 1935 —
1522 1910 1595 1952 159,
1623 1910 1666 1944 10
1692 1921 1762 1954 per

255 1966 370 2001 locum
400 1967 478 2002 loca
511 1968 582 2011 (26)
610 1988 651 1993 -
680 1968 754 2010 162,
781 1969 802 2003 6
837 1968 1050 2003 Gabrielurn
1077 1967 1148 2011 (44)
1181 1988 1224 1993 -
1256 1967 1332 2009 163,
1358 1967 1390 2001 6.
1424 1967 1500 2010 164,
1528 1968 1580 2002 18.
1617 1968 1691 2010 166,
1717 1968 1760 2002 21

259 2023 431 2059 Gabrielo
458 2025 528 2068 (44)
556 2045 599 2051 —
625 2026 701 2068 169,
726 2026 771 2061 24
794 2030 959 2070 tempora
983 2026 1042 2061 uel
1068 2026 1135 2060 del.
1163 2026 1236 2070 (26)
1263 2046 1305 2051 -
1333 2025 1406 2067 172,
1433 2027 1477 2060 18
1509 2036 1601 2070 quae
1624 2026 1761 2061 malum

256 2079 328 2126 (26)
353 2100 397 2107 —
422 2082 499 2123 183,
526 2083 545 2116 7
573 2086 676 2126 patet
706 2083 856 2118 huiusce
887 2083 1112 2127 quaestionis
1136 2083 1338 2118 inmensum
1364 2083 1436 2126 (27)
1460 2103 1506 2109 —
1532 2083 1606 2124 187,
1633 2083 1674 2118 21
1701 2083 1759 2117 in-

250 2137 404 2181 9lorium
429 2138 500 2182 (27)
528 2159 567 2164 —
596 2139 671 2181 191,
698 2139 741 2174 10
769 2140 1064 2184 philosophorum
1089 2150 1151 2184 pro
1177 2150 1299 2175 eorum
1326 2140 1398 2184 (46)
1425 2157 1468 2165 ——
1494 2140 1570 2182 191,
1597 2140 1639 2174 11
1671 2140 1759 2176 inde

253 2193 324 2237 (46)
349 2214 394 2219 —
420 2195 495 2237 192,
523 2197 540 2229 1
567 2207 655 2240 quos
680 2207 742 2240 pro
767 2197 862 2241 quod
888 2197 959 2240 (46)
985 2216 1030 2221 —
1056 2197 1130 2238 195,
1157 2197 1200 2232 26
1225 2197 1477 2241 uoluntatique
1503 2197 1586 2241 (47).

390 2274 575 2309 Praeterea
601 2276 815 2321 typographi
840 2278 956 2312 errata
981 2278 1149 2321 grauiora
1174 2278 1399 2322 corrigantur
1423 2277 1527 2312 haec:

383 2331 438 2373 27,
464 2332 508 2366 25
531 2333 658 2374 media,
684 2343 744 2377 pro
769 2333 927 2376 mediaz,
962 2334 1017 2375 30,
1042 2333 1074 2368 4.
1104 2334 1159 2376 49,
1184 2334 1239 2368 21.
1274 2334 1350 2376 194,
1379 2334 1401 2369 8
1432 2336 1644 2378 punctorum
1677 2335 1754 2370 loco

250 2391 427 2424 commata
458 2389 631 2423 exaranda
662 2391 782 2432 erant,
812 2390 867 2432 42,
894 2391 915 2425 3
940 2391 1060 2425 nisu-m
1084 2401 1145 2434 pro
1170 2391 1308 2431 uisum,
1349 2391 1403 2433 63,
1429 2391 1473 2425 23
1498 2393 1572 2427 not.
1599 2391 1621 2426 S
1646 2391 1755 2426 habet

250 2446 416 2504 diuidire
440 2479 464 2503 a
482 2479 521 2513 p.
546 2469 582 2511 i.‚
613 2468 668 2510 80,
697 2469 738 2503 12
763 2469 918 2513 adplene
943 2480 1004 2514 pro
1030 2469 1079 2504 ad
1099 2470 1217 2513 plene,
1245 2469 1321 2511 109,
1347 2469 1388 2504 21
1415 2471 1487 2504 not.
1520 2481 1566 2505 ne
1589 2481 1651 2515 pro
1676 2481 1752 2513 nec,

252 2526 388 2567 116,15
412 2527 485 2560 not.
511 2526 590 2560 AB
615 2536 675 2569 pro
701 2526 792 2568 BB,
820 2526 895 2564 134.
913 2527 934 2560 5
953 2527 1224 2570 prosternitare
1248 2536 1308 2570 pro
1332 2526 1605 2570 prosternidare
1630 2528 1752 2572 (etiam

248 2594 287 2628 in
312 2595 419 2639 Ποῖ),
453 2594 528 2638 141,
558 2594 598 2628 12
623 2595 696 2628 not.
722 2585 849 2628 uideri
866 2594 906 2629 F
927 2606 987 2639 pro
1016 2596 1059 2638 G,
1095 2596 1157 2631 191
1184 2607 1204 2630 a
1228 2595 1291 2630 lin.
1318 2596 1371 2638 14,
1397 2606 1468 2629 non
1494 2606 1513 2630 a
1538 2606 1666 2631 nomen
1690 2597 1751 2632 lin.

251 2650 292 2686 17
316 2661 408 2685 noua
432 2651 563 2695 epilogi
588 2651 763 2695 particula
781 2652 878 2696 typis
896 2652 1127 2687 describenda
1152 2655 1238 2687 erat.
1256 2672 1301 2678 —
1320 2652 1395 2694 124,
1421 2652 1466 2687 20
1491 2663 1530 2687 ex
1554 2652 1585 2687 G
1610 2654 1750 2690 inmota

248 2708 401 2752 recipere
426 2707 595 2742 debebam
622 2708 700 2742 coll.
726 2708 831 2752 Apul.
858 2707 900 2742 de
926 2708 1042 2753 dogm.
1068 2709 1161 2743 Plat.
1187 2710 1206 2745 Ι
1230 2710 1262 2744 9.
