1884 2998
270 120 349 164 158
776 116 1022 152 Claudiani
1045 116 1256 152 Mamerti

265 244 548 286 ueterascente
593 253 758 296 corpore
802 242 990 284 renouari
1035 242 1217 284 animam
1262 243 1535 295 corruptoque
1583 241 1765 296 solidari,

265 319 346 354 non
376 323 471 365 ergo
503 323 667 365 corpore
698 310 948 353 continetur.

324 390 478 433 Vereor
506 404 557 434 ne
589 393 630 433 et
659 390 754 433 istic
794 390 985 444 opinatus
1025 390 1205 433 uidearis
1235 402 1366 433 nouus
1397 389 1666 446 academicae,
1697 392 1768 445 qui

268 460 311 502 et
341 471 437 502 cum
466 459 710 502 academicis
743 458 847 500 nihil
868 459 971 501 scias
994 460 1035 501 et
1056 459 1106 500 de
1127 458 1192 500 his
1214 470 1317 512 quae
1337 458 1471 500 nescis
1492 458 1580 501 sine
1601 460 1769 502 cuncta-

266 528 381 571 tione
429 527 611 570 definias.
660 528 755 570 uide
800 540 851 569 ne
898 539 981 569 non
1027 539 1174 580 corpus
1220 526 1429 570 contineat
1466 527 1661 577 animam,
1695 527 1769 570 sed
1799 539 1815 565 ⁵

270 596 531 639 contineatur
580 596 631 639 ab
683 597 832 638 anima.
886 595 960 638 hoc
1009 608 1155 651 nempe
1196 597 1388 649 corrupto
1432 594 1508 637 illa
1554 596 1769 647 solidatur,

267 665 375 708 sicut
404 664 511 707 illud
540 664 690 707 itidem
720 663 843 706 huius
886 663 1110 706 amissione
1150 664 1408 706 dissoluitur.
1460 664 1536 706 illa
1576 663 1664 706 sine
1694 664 1771 706 hoc

270 733 379 776 uiuit
408 732 570 787 melius,
603 732 678 774 hoc
709 733 796 775 sine
828 732 903 774 illa
932 744 1007 774 nec
1036 732 1164 786 peius.
1201 734 1324 785 atque
1357 735 1403 773 ut
1434 745 1482 774 ex
1507 732 1572 774 his
1596 732 1768 783 duobus,

273 803 417 856 quibus
458 801 582 844 confit
621 801 802 843 humana
841 803 1088 856 substantia,
1129 802 1228 855 quid
1258 802 1302 843 in
1334 813 1412 855 quo
1444 800 1500 842 sit
1530 812 1611 842 non
1646 812 1769 854 argu-

270 871 409 913 mento
440 870 576 912 solum
606 870 759 922 uigeat,
793 871 862 912 sed
895 869 1022 911 etiam
1051 869 1302 911 auctoritate
1324 869 1536 923 clarescat,
1558 868 1766 922 propheti·
1785 883 1817 908 ιο

267 951 363 982 cum
408 951 568 993 quoque
612 937 904 979 testimonium
942 937 1211 992 proferamus.
1262 938 1322 979 ait
1353 950 1550 991 namque:
1587 948 1771 991 corpus

271 1007 400 1061 quod
446 1006 802 1060 corrumpitur
850 1006 1106 1060 adgrauat
1146 1006 1384 1048 animam.
1435 1018 1481 1048 ac
1529 1006 1646 1048 nobis
1685 1007 1771 1060 pri-

266 1090 383 1118 mum
419 1076 648 1118 uidendum
678 1077 754 1126 est,
787 1077 1032 1117 utrumnam
1068 1075 1175 1117 illud
1204 1075 1416 1129 adgrauet‚
1457 1075 1566 1128 quod
1597 1074 1643 1116 in
1671 1086 1771 1128 quo-

267 1157 405 1199 quam,
444 1156 496 1186 an
527 1143 643 1194 illud,
675 1144 719 1185 in
750 1155 829 1197 quo
861 1143 1042 1197 quidque
1078 1144 1154 1185 est,
1207 1143 1242 1185 si
1274 1143 1393 1197 illud,
1426 1143 1471 1184 in
1501 1156 1579 1197 quo
1612 1142 1772 1196 aliquid

270 1214 344 1264 est,
392 1212 557 1254 leuatur
602 1223 696 1266 ergo
741 1213 916 1265 pondere
956 1212 1136 1265 quidque
1174 1214 1379 1253 oneratur.
1430 1214 1493 1254 sin
1534 1222 1630 1253 uero
1665 1210 1772 1253 illud
1785 1227 1818 1253 15

271 1281 485 1335 adgrauat,
518 1280 625 1334 quod
655 1280 699 1322 in
730 1279 880 1334 aliquo,
913 1293 993 1323 non
1014 1280 1134 1332 illud,
1165 1281 1208 1322 in
1229 1291 1307 1334 quo
1339 1279 1497 1334 aliquid
1529 1282 1604 1332 est,
1637 1279 1772 1334 magis

267 1351 310 1393 in
342 1349 482 1392 anima
513 1350 575 1391 est
605 1361 761 1402 corpuS,
795 1349 904 1402 quod
935 1349 1139 1403 adgrauat
1169 1349 1366 1400 animam,
1391 1361 1515 1402 quam
1535 1349 1579 1390 in
1607 1360 1774 1403 corpore

271 1418 424 1470 anima,
457 1429 559 1472 quae
589 1419 788 1472 grauatur
820 1430 845 1459 a
875 1423 1063 1470 corpore:
1103 1430 1204 1459 onus
1246 1416 1440 1460 uidelicet
1478 1418 1522 1458 in
1558 1417 1771 1471 portitore,

267 1499 350 1530 non
393 1486 570 1541 portitor
614 1487 656 1528 in
687 1499 819 1529 onere.
873 1498 977 1540 quae
1018 1498 1113 1528 cum
1151 1486 1211 1528 ita
1253 1486 1350 1536 sint,
1381 1497 1576 1539 magnam
1608 1485 1772 1527 animae

269 1554 448 1598 auctoris
493 1555 559 1596 sui
604 1554 737 1597 inesse
782 1554 1105 1598 similitudinem
1145 1553 1324 1597 maximo
1363 1554 1468 1596 illud
1513 1553 1664 1597 indicio
1694 1556 1770 1609 est,
1785 1570 1819 1598 20

271 1625 378 1678 quod
407 1636 478 1677 pro
511 1623 784 1667 similitudine
815 1624 927 1666 sicut
956 1623 1191 1666 inlocaliter
1219 1622 1400 1666 mundus
1430 1623 1475 1665 in
1508 1623 1582 1666 deo
1614 1624 1688 1674 est,
1710 1623 1772 1664 sic

267 1693 501 1736 inlocaliter
532 1705 675 1747 corpus
705 1695 749 1735 in
781 1694 932 1736 anima.

324 1773 449 1815 Nunc
488 1774 717 1816 sciscitanti
755 1773 858 1816 mihi
901 1774 996 1828 peto
1033 1773 1301 1827 respondeas:
1349 1772 1384 1815 si
1429 1771 1617 1814 localiter
1661 1773 1771 1813 intra

272 1854 419 1896 corpus
458 1844 521 1884 est
559 1842 710 1893 anima,
749 1854 828 1896 quo
867 1843 987 1884 modo
1019 1842 1203 1884 continet
1233 1840 1415 1894 corpus?
1446 1841 1593 1882 notum
1623 1852 1770 1893 nempe

405 1965 447 1999 11
482 1965 561 2010 sap.
587 1965 619 2007 9,
645 1965 689 2000 15

337 2082 357 2116 1
396 2081 632 2115 ueterescente
669 2079 884 2116 CGHLRS
1016 2082 1180 2124 corrupto
1214 2090 1321 2124 aeque
1352 2080 1425 2115 Mb
1562 2080 1584 2115 3
1617 2061 1774 2125 opinatis

1382 2136 1396 2155 d

269 2160 300 2196 S
433 2160 576 2195 uideare
603 2160 636 2196 G-
773 2160 796 2194 4
819 2162 855 2194 et
879 2163 966 2195 ante
990 2170 1159 2195 cum‘om.
1181 2161 1225 2205 1²²
1355 2141 1435 2195 cuin
1459 2160 1496 2195 Β
1633 2161 1655 2196 5
1679 2160 1772 2206 uide]

268 2229 362 2264 unde
385 2229 421 2263 B
561 2228 580 2262 7
605 2228 823 2263 dissoluatur
847 2229 883 2263 A
1020 2230 1041 2263 9
1068 2229 1190 2274 confit]
1216 2240 1297 2264 cum
1321 2230 1368 2264 sit
1392 2229 1429 2265 R
1560 2229 1605 2263 10
1630 2229 1703 2264 solo
1727 2230 1776 2264 M

272 2286 424 2321 editores
443 2289 595 2329 praeter
614 2290 660 2329 12²
783 2285 826 2320 12
850 2285 953 2320 nobis
970 2285 1124 2330 primum
1140 2286 1332 2321 uidendum
1356 2286 1402 2321 M
1418 2286 1582 2329 editores,
1619 2287 1773 2330 primum

271 2342 464 2377 uidendum
480 2342 582 2376 nobis
598 2342 674 2385 OG,
710 2343 865 2387 primum
881 2342 983 2377 nobis
1000 2343 1192 2377 uidendum
1208 2343 1285 2378 rell.
1403 2343 1447 2378 13
1463 2345 1590 2388 grauet
1608 2343 1682 2378 Mb

271 2411 314 2446 15
345 2411 495 2455 quicque
527 2410 681 2455 ESch.‚
716 2411 864 2456 quisque
900 2410 1095 2455 CHLMb,
1135 2412 1375 2468 unusquisque
1407 2411 1452 2455 S,
1492 2412 1652 2456 quisquis
1689 2412 1771 2454 GR,

274 2491 403 2536 quique
430 2492 481 2534 A,
522 2492 676 2536 quinque
701 2491 756 2535 B,
799 2491 948 2536 quicque
973 2502 1044 2526 non
1068 2491 1156 2536 DF,
1197 2492 1385 2536 quicquam
1408 2502 1478 2526 non
1499 2497 1546 2536 ΡΖ
1674 2492 1774 2527 aliud

269 2548 511 2585 ΑΒΟΗἮδ1
640 2549 684 2584 16
708 2549 745 2583 in
769 2548 863 2593 quod
887 2549 1128 2585 ABCH¹RS¹
1256 2550 1297 2584 17
1322 2550 1453 2594 grauat
1477 2550 1514 2584 A
1630 2550 1672 2585 18
1697 2551 1773 2585 ani-

269 2608 329 2640 ma
353 2605 405 2641 R¹
520 2606 673 2650 potitore
690 2606 734 2650 A,
770 2606 949 2651 portatore
967 2606 987 2641 b
1102 2607 1148 2641 20
1171 2607 1306 2641 auctori
1331 2606 1366 2642 R
1482 2607 1631 2641 maxime
1657 2607 1688 2642 S

270 2663 310 2697 in
327 2666 411 2698 ante
428 2662 518 2697 illud
535 2663 619 2699 add.
638 2663 679 2699 S¹
794 2664 836 2699 21
863 2674 931 2709 quo
956 2664 992 2699 B
1109 2663 1383 2699 similitudinem
1400 2664 1437 2699 R
1553 2664 1598 2699 24
1616 2665 1773 2700 animam

269 2719 306 2756 R
444 2721 579 2765 nempe]
605 2722 734 2766 quippe
753 2723 798 2766 12²
