1884 2998
294 108 378 150 194
806 104 1051 142 Claudiani
1074 105 1283 141 Mamerti

293 233 521 288 pondere
566 232 910 286 disposuisse,
953 233 1023 274 sed
1067 232 1145 275 hoc
1195 232 1275 275 alio
1326 233 1447 275 modo
1497 233 1549 276 ad
1599 233 1795 287 spiritum

293 301 540 345 rationalem
579 300 736 353 referri,
781 299 888 354 quod
923 300 966 342 in
1005 300 1350 354 consequentibus
1392 301 1624 353 dicendum,
1657 302 1793 345 uideo.

293 383 402 413 nunc
431 381 528 412 uero
559 370 608 412 de
639 380 804 423 corpore
835 380 941 422 quae
979 369 1187 422 coepimus
1224 370 1492 422 explicemus.
1544 370 1653 412 sicut
1684 370 1794 412 enim

294 438 472 482 diximus
504 450 585 481 non
615 438 692 480 hoc
724 450 810 481 esse
845 450 1045 492 magnum
1077 440 1185 492 quod
1214 438 1474 493 magnitudO,
1505 439 1564 480 sic
1583 450 1658 480 nec
1679 451 1795 481 men-

292 520 387 549 sura
424 508 531 561 quod
569 505 860 561 mensurabile,
908 518 983 548 nec
1021 518 1218 548 numerus
1256 506 1364 559 quod
1407 506 1675 562 numerabile,
1721 518 1796 549 nec
1824 523 1841 550 5

292 575 450 628 pondus
501 577 607 629 quod
663 574 944 628 ponderabile.
1010 573 1267 630 minu<itur>
1317 574 1467 627 igitur,
1515 577 1709 628 quoniam
1752 575 1796 617 in

293 645 382 686 tota
411 645 528 697 parte
561 643 689 685 habet
710 654 875 684 sursum
906 643 949 684 et
979 642 1183 693 deorsum,
1222 642 1349 685 habet
1381 643 1590 685 dexteram
1621 644 1663 686 et
1693 642 1795 686 sini-

292 713 432 763 stram,
473 711 602 753 habet
639 711 736 753 ante
775 711 816 751 et
854 710 977 752 retro.
1025 712 1215 752 mouetur
1254 723 1326 764 per
1364 711 1530 765 tempus
1576 713 1618 753 et
1657 711 1795 754 locum

293 793 367 823 nec
397 779 555 823 iudicat
585 779 628 821 et
656 778 876 830 iudicatur,
912 779 1102 832 partibus
1134 779 1296 822 secatur
1326 779 1504 822 infinite.

348 865 436 915 Age
474 872 583 902 nunc
621 858 837 901 uideamus
877 858 977 912 quid
1018 859 1076 902 sit
1114 863 1219 914 quod
1250 872 1395 914 corpus
1425 860 1612 903 uiuificat
1642 862 1683 903 et
1714 872 1844 906 n0n10

292 927 511 971 sentificat.
557 927 706 970 melius
739 928 850 970 enim
882 930 1151 981 coaequatum
1182 931 1246 971 est
1275 929 1388 971 uitae
1418 930 1476 984 id,
1508 929 1615 983 quod
1645 929 1797 983 accipit

291 998 334 1040 et
365 996 471 1051 quod
511 996 596 1038 dat.
649 996 739 1038 uita
776 995 902 1047 enim,
945 1008 1048 1049 quae
1079 1009 1159 1038 non
1191 998 1253 1039 est
1283 997 1418 1039 minor
1448 998 1491 1039 in
1522 999 1641 1051 parte
1672 1009 1796 1051 quam

291 1066 336 1108 in
375 1066 463 1108 toto
503 1067 545 1107 et
583 1077 665 1107 non
705 1065 815 1119 parti
859 1065 1011 1107 minori
1049 1065 1186 1107 minor
1231 1068 1292 1107 est
1331 1078 1406 1108 nec
1435 1069 1596 1120 partem
1627 1067 1797 1120 praebet

292 1133 440 1177 maiori
471 1134 670 1176 maiorem
702 1133 745 1175 et
774 1133 923 1176 minori
953 1133 1170 1187 minorem,
1202 1146 1283 1176 non
1305 1134 1367 1176 est
1389 1146 1549 1188 corpus,
1582 1136 1651 1177 sed
1672 1134 1795 1188 spiri-

291 1203 374 1245 tuS.
425 1203 595 1256 spiritus
641 1201 808 1257 pecoris,
854 1202 926 1256 qui
966 1215 1046 1245 non
1087 1202 1278 1245 subsistit
1328 1204 1420 1256 post
1467 1214 1626 1256 corpus,
1676 1215 1796 1256 prae·
1811 1221 1844 1247 15

292 1272 584 1315 termittendus
627 1272 686 1315 ibi
724 1273 798 1326 est,
843 1272 891 1314 ut
936 1272 987 1314 ad
1033 1271 1285 1314 rationalem
1328 1271 1522 1325 spiritum
1566 1271 1796 1314 ueniamus.

292 1341 421 1395 igitur
459 1341 630 1395 spiritus
669 1341 950 1394 quantitatem
990 1353 1070 1383 non
1110 1340 1246 1391 habet,
1300 1340 1337 1382 si
1375 1353 1472 1383 uero
1510 1341 1659 1396 longus
1691 1340 1799 1383 esset

294 1411 366 1453 aut
415 1410 538 1461 latus,
591 1409 770 1464 quantus
815 1409 896 1451 rite
942 1409 1085 1463 utique
1129 1409 1348 1452 diceretur.
1410 1411 1634 1463 prudenter
1686 1411 1796 1452 enim

293 1477 523 1521 secernitur
561 1478 603 1520 et
641 1479 882 1532 segregatur
912 1489 937 1519 a
967 1489 1146 1531 corpore,
1186 1478 1283 1532 quia
1324 1477 1550 1531 quantitati
1587 1490 1668 1520 non
1699 1479 1797 1521 sub-

293 1549 412 1598 iacet,
446 1547 636 1601 quamuis
668 1546 881 1588 subiaceat
910 1546 1117 1600 qualitati.
1164 1546 1357 1589 accidunt
1379 1547 1515 1588 animo
1539 1546 1796 1601 disciplinae,
1811 1566 1846 1592 20

295 1616 444 1660 accidit
473 1615 638 1658 iustitia
669 1616 710 1657 et
739 1614 966 1666 iniustitia,
1000 1614 1172 1657 castitas
1204 1615 1246 1657 et
1276 1614 1417 1657 libido.
1466 1617 1663 1668 quattuor
1686 1617 1798 1659 enim

292 1686 390 1728 sunt
433 1685 608 1727 uirtutes
653 1684 913 1737 principales,
958 1683 1002 1725 id
1049 1686 1112 1726 est
1156 1684 1381 1739 prudentia
1428 1688 1468 1727 et
1500 1687 1793 1738 temperantia,

294 1753 496 1797 fortitudo
527 1756 568 1795 et
597 1752 771 1794 iustitia.
818 1764 901 1794 non
932 1753 1043 1794 enim
1065 1752 1143 1794 hoc
1163 1754 1225 1795 est
1246 1752 1409 1794 animus
1434 1752 1663 1810 <prudens>
1688 1754 1797 1808 quod

294 1822 524 1877 prudentia,
576 1833 649 1864 nec
698 1821 832 1863 iustus
883 1822 989 1875 quod
1035 1820 1209 1875 iustitia,
1260 1834 1335 1864 nec
1383 1824 1638 1876 temperatus
1688 1823 1798 1877 quod

295 1889 584 1944 temperantia,
616 1901 690 1932 nec
719 1889 838 1932 fortis
869 1890 977 1943 quod
1009 1889 1221 1932 fortitudo.
1264 1889 1377 1932 aliud
1400 1893 1463 1932 est
1487 1902 1574 1932 esse
1597 1891 1796 1942 animum,
1813 1911 1847 1937 25

295 1959 409 2002 aliud
445 1958 602 2000 iustum
641 1959 840 2000 animum.
894 1970 988 2000 cum
1026 1959 1137 2001 enim
1176 1958 1262 2001 dico
1294 1959 1452 2001 iustum
1483 1960 1684 2012 animum,
1718 1961 1797 2003 duo

366 2143 385 2176 1
410 2141 488 2186 hoc]
516 2140 551 2174 h·
576 2140 638 2181 M,
679 2140 739 2174 hic
765 2140 918 2175 editores
1054 2141 1075 2174 2
1106 2141 1231 2175 referri
1264 2141 1302 2184 b,
1343 2141 1473 2176 referre
1497 2142 1546 2176 M
1678 2153 1797 2177 enun-

296 2199 381 2234 tiati
416 2198 750 2241 interpunctionem
787 2197 941 2232 correxit
981 2197 1213 2232 Schenkelins
1382 2199 1404 2233 3
1440 2199 1596 2243 cepimus
1632 2199 1707 2234 Mb

295 2256 317 2290 6
351 2255 529 2289 minuitur
560 2255 676 2298 igitur
708 2254 745 2298 b,
788 2254 904 2288 minor
931 2258 947 2288 ἔ
973 2254 1087 2298 igitur
1118 2255 1179 2298 M,
1216 2256 1349 2290 rectius
1374 2256 1532 2298 fortasse
1557 2266 1574 2291 e
1597 2256 1730 2292 codicis
1753 2257 1801 2291 M

295 2312 448 2347 lectione
490 2310 736 2355 minu[ig]itur
775 2311 979 2346 restitueris
1153 2312 1349 2347 uerborum
1388 2313 1672 2356 transpositione
1711 2324 1800 2348 usus

297 2369 474 2403 minuitur
510 2368 625 2413 igitur
660 2369 699 2403 in
731 2370 809 2403 tota
840 2371 942 2412 parte
973 2369 1140 2413 quoniam
1170 2369 1280 2404 habet
1313 2369 1444 2404 suadet
1478 2369 1708 2405 Schenkelius

298 2426 464 2470 quoniam
500 2426 536 2467 b,
574 2427 664 2469 equu
701 2426 751 2460 M
899 2426 918 2460 7
956 2426 1114 2461 dextram
1151 2426 1171 2461 b
1317 2427 1359 2461 11
1397 2427 1493 2461 uitae
1528 2427 1678 2471 scripsi,
1721 2429 1799 2463 uita

296 2483 370 2518 Mb
508 2482 546 2517 id
582 2483 643 2525 M,
685 2485 721 2518 et
758 2483 913 2518 editores
1061 2484 1191 2528 accipit
1227 2484 1266 2525 b,
1307 2483 1437 2518 accidit
1472 2484 1520 2518 M
1670 2486 1712 2519 16
1747 2485 1799 2519 ibi

295 2540 446 2584 scripsi,
486 2540 554 2574 tibi
579 2540 722 2575 mauult
748 2540 999 2583 Schenkelius,
1039 2541 1104 2582 tib;
1130 2541 1192 2583 M,
1230 2551 1295 2576 om.
1322 2541 1476 2576 editores
1606 2541 1650 2576 ad
1673 2552 1799 2586 super-

295 2607 363 2635 scr.
400 2596 460 2632 Μ1
599 2598 644 2632 22
680 2600 716 2633 et
752 2609 817 2633 om.
858 2598 1011 2633 editores
1148 2599 1193 2633 23
1229 2599 1369 2633 animus
1401 2599 1547 2642 scripsi,
1589 2599 1710 2634 animfi
1743 2599 1799 2641 M,

297 2665 417 2699 anima
441 2665 480 2709 b,
523 2666 631 2700 animi
653 2667 701 2710 p²
837 2666 990 2711 prudens
1017 2666 1103 2702 add.
1129 2666 1378 2709 SchenkeliuS,
1420 2677 1486 2702 om.
1511 2668 1558 2701 M
1694 2668 1739 2703 25
1762 2658 1800 2704 e}

296 2722 382 2757 aad.
411 2722 472 2757 M²
