1884 2998
241 141 299 185 50
759 138 1006 175 Claudiani
1030 139 1241 175 Mamerti

241 265 455 320 loquitur:
499 264 673 307 lumen
719 276 841 319 ergo
880 264 1130 307 iustitiae
1170 277 1268 308 non
1307 264 1450 307 luxit
1486 265 1666 318 nobis,
1704 269 1754 308 et

240 335 321 377 sol
357 346 458 376 non
499 335 582 376 est
619 335 765 376 ortus
796 334 963 377 nobis.
1016 334 1221 388 numquid
1259 333 1334 376 isti
1373 334 1483 377 huno
1512 346 1755 389 corporeum

241 403 372 445 solem
409 402 600 445 uiuentes
637 402 682 444 in
719 402 798 444 hoc
838 403 994 445 mundo
1025 415 1106 445 non
1136 403 1342 455 uiderant,
1374 404 1445 445 sed
1474 403 1752 458 incorporales

241 470 352 514 oculi
371 471 499 513 solem
518 471 805 524 incorporeum
825 470 1121 525 requirebant?
1151 471 1273 513 ualde
1295 472 1437 513 autem
1461 472 1615 513 mirum
1636 472 1756 514 uide·

242 542 326 594 tur,
357 539 395 582 si
425 539 496 582 lux
526 539 610 582 ista
639 539 789 582 habeat
819 540 959 582 oculos
996 551 1096 593 quos
1127 540 1366 590 inluminet,
1398 540 1475 582 illa
1494 542 1634 582 autem
1656 552 1756 582 uera
1785 554 1804 580 5

242 620 325 651 non
355 607 530 650 habeat:
561 610 635 650 aut
664 608 700 650 si
729 607 866 660 habet,
897 608 1021 650 sicuti
1052 620 1147 650 uere
1176 608 1302 651 habet
1331 608 1442 649 unde
1470 607 1600 650 uideri
1621 607 1757 650 incor-

242 689 415 732 poreum
444 678 596 731 potest,
637 687 718 718 non
756 676 892 718 solum
923 688 1006 719 non
1036 676 1210 727 aerium,
1241 678 1311 719 scd
1342 676 1526 719 arbitror
1555 689 1637 719 non
1669 689 1755 718 esse

243 757 502 799 corporeum.

972 901 1034 956 X.

244 1029 371 1069 QVOD
400 1030 485 1060 IAM
514 1028 733 1059 FORMATA
763 1027 1045 1059 SVBSTANTIA
1073 1029 1169 1060 NON
1198 1028 1369 1060 POTEST
1399 1029 1496 1060 DICI
1534 1030 1754 1060 MATERIA.
1770 1032 1804 1058 10

301 1121 416 1164 Illud
454 1122 542 1164 iam
583 1122 706 1176 quale
744 1122 821 1172 est,
852 1123 961 1175 quod
991 1122 1034 1163 in
1064 1121 1152 1175 ipso
1183 1121 1478 1175 disputationis
1509 1123 1606 1164 tuae
1638 1121 1756 1174 prin-

244 1191 350 1245 cipio
392 1191 698 1233 admonendum
735 1189 952 1232 credidisti
993 1202 1083 1232 esse
1120 1189 1333 1240 lectorem,
1373 1191 1422 1232 ut
1453 1190 1506 1232 ad
1536 1189 1759 1233 subtiliora

244 1260 322 1302 illa
351 1261 571 1316 cogitanda
601 1260 790 1302 animum
820 1261 1071 1312 praeparet?
1101 1271 1125 1301 a
1146 1258 1322 1301 summis
1354 1259 1406 1301 ad
1426 1259 1525 1308 ima,
1547 1258 1600 1301 ab
1621 1258 1758 1301 incor-

243 1328 379 1383 poreis
421 1329 474 1371 ad
514 1340 708 1382 corporea
751 1327 1001 1369 rationalem
1041 1329 1232 1369 nostrum
1270 1326 1430 1369 conaris
1469 1326 1676 1371 abducere
1716 1330 1759 1370 et

247 1397 367 1451 quasi
398 1397 546 1439 docens
576 1409 650 1439 nos
682 1398 734 1439 ad
765 1395 938 1439 subtilia
967 1395 1120 1439 mentis
1151 1398 1317 1439 oculum
1357 1408 1597 1451 praeparare
1636 1396 1760 1450 paulo
1774 1410 1806 1436 ιε,

245 1468 340 1521 post
370 1466 501 1509 adicis
532 1468 575 1508 et
605 1465 732 1508 dicis:
771 1464 1030 1519 quidquid
1072 1467 1310 1508 creatum
1340 1467 1441 1518 est,
1482 1465 1760 1508 materiam

245 1534 446 1585 uideri,
489 1547 614 1589 quam
655 1546 892 1588 corpoream
934 1546 1024 1576 esse
1062 1534 1260 1578 decernis.
1311 1535 1348 1576 si
1386 1534 1519 1576 adhuc
1565 1534 1761 1576 creatura

246 1604 425 1646 materia
456 1605 534 1655 est,
565 1603 752 1645 nondum
773 1615 868 1657 ergo
891 1602 1013 1645 homo
1034 1602 1241 1645 formatus
1265 1603 1341 1654 est,
1365 1603 1463 1656 quia
1485 1603 1639 1646 dicitur
1660 1604 1758 1646 deo:

248 1675 334 1727 qui
365 1672 566 1715 creasti
597 1671 862 1714 hominem
894 1684 950 1713 ex
979 1671 1211 1714 materia
1243 1671 1478 1715 informi,
1529 1671 1759 1714 formarum

246 1744 388 1784 autem
418 1741 506 1783 siue
535 1740 676 1783 minus
706 1741 794 1783 siue
823 1740 1003 1795 amplius
1038 1753 1113 1794 pro
1134 1740 1338 1795 qualitate
1359 1741 1428 1782 uel
1448 1753 1599 1795 genere
1621 1740 1807 1795 speci-20

248 1823 414 1853 osarum
444 1811 594 1864 plenus
625 1811 689 1853 est
718 1811 913 1862 mundus,
962 1809 1142 1852 materia
1180 1821 1277 1852 uero
1309 1810 1496 1852 informis
1527 1810 1590 1852 est
1635 1822 1759 1852 mun-

247 1879 405 1934 dusque
430 1879 648 1934 formatus,
684 1892 767 1922 non
796 1882 858 1922 est
887 1891 985 1936 ergo
1017 1879 1207 1922 creatura
1236 1880 1427 1921 materia.

387 2015 405 2049 1
437 2015 517 2059 Sap.
541 2016 575 2057 5,
599 2015 621 2049 6
761 2015 806 2050 16
830 2014 874 2050 cf.
898 2025 980 2059 pag.
1004 2015 1037 2057 9,
1062 2016 1085 2050 5
1238 2015 1282 2050 19
1307 2020 1388 2060 Sap.
1414 2015 1469 2059 11,
1495 2016 1540 2050 18

320 2141 338 2175 1
371 2140 543 2185 loquitur]
577 2140 695 2174 dicens
720 2138 808 2174 add.
838 2141 881 2184 1²²
1018 2139 1041 2174 2
1072 2140 1171 2175 ortus
1196 2141 1251 2174 est
1284 2139 1316 2175 S
1450 2140 1532 2175 istic
1556 2140 1595 2182 b,
1635 2140 1700 2174 isti
1724 2142 1761 2175 et

248 2197 431 2232 Barthius
569 2197 680 2242 hunc]
704 2198 741 2232 et
764 2197 851 2233 add.
876 2197 1060 2233 Bao-thius
1197 2207 1339 2242 corpore
1363 2208 1443 2232 cum
1474 2198 1512 2233 R
1650 2198 1683 2240 3,
1705 2198 1762 2233 ui-

249 2255 382 2289 derunt
415 2255 501 2290 libri
530 2258 686 2300 praeter
721 2255 792 2291 OG
828 2258 861 2290 et
898 2255 1055 2290 editores
1208 2255 1230 2290 6
1266 2258 1330 2290 aut
1365 2256 1396 2289 si
1431 2255 1562 2290 habeat
1596 2255 1670 2290 Mb

249 2323 334 2347 uera
358 2312 427 2348 LS
538 2313 559 2347 7
584 2312 736 2356 aerium]
760 2313 922 2347 animum
937 2312 1024 2348 add.
1047 2313 1231 2348 Barthius
1350 2312 1394 2347 12
1418 2313 1608 2347 lslectorem
1633 2313 1671 2348 R

252 2370 294 2404 13
318 2369 384 2405 illa
407 2380 475 2406 om.
499 2370 586 2404 libri
604 2373 758 2414 praeter
787 2370 835 2405 M
859 2374 894 2405 et
918 2369 998 2406 Βοὴ.
1137 2372 1366 2415 praepararet
1392 2370 1426 2406 G
1443 2370 1521 2405 Sch.
1661 2380 1763 2415 prae-

249 2427 363 2472 paret]
397 2429 435 2461 et
464 2437 558 2461 nnnc
587 2427 673 2462 add.
705 2427 785 2462 Sch.
926 2428 971 2462 14
1005 2427 1177 2462 adducere
1212 2427 1288 2463 AD
1424 2428 1470 2463 15
1505 2427 1550 2462 ad
1584 2438 1651 2463 om.
1687 2428 1763 2463 AB

249 2483 403 2520 DEFR
532 2484 575 2519 16
599 2485 648 2529 et]
674 2495 714 2519 ac
737 2484 887 2520 HLRS
1008 2485 1050 2519 17
1075 2495 1147 2529 qua
1169 2484 1377 2520 A²BDEF
1391 2484 1491 2528 Sch.‚
1531 2485 1595 2529 qui
1618 2485 1670 2520 Αι

249 2552 452 2586 corporeum
476 2542 703 2577 ABDEFR
840 2542 886 2577 18
909 2552 992 2587 ergo
1018 2552 1085 2578 om.
1112 2542 1144 2577 S
1273 2542 1380 2577 homo
1406 2542 1492 2583 Mb,
1533 2553 1601 2578 om.
1625 2542 1704 2577 rell.
1728 2545 1764 2578 et

253 2597 332 2633 Βοὴ.
464 2601 519 2634 est
542 2599 636 2642 Mb,
675 2610 712 2634 es
735 2599 813 2634 rell.
838 2603 872 2635 et
896 2599 973 2635 Βοὴ.
1115 2600 1161 2634 21
1185 2599 1338 2634 mundus
1362 2601 1424 2644 qui
1448 2600 1469 2634 b
1486 2599 1671 2635 Barthius

251 2655 296 2690 22
319 2656 526 2691 formandus
550 2658 643 2692 coni.
668 2657 848 2693 Barthius
987 2657 1160 2702 creatura]
1187 2656 1342 2692 formata
1360 2659 1406 2701 12²
