1884 2998
198 114 281 155 216

199 236 371 282 adpropin
399 247 480 271 uare
504 236 672 271 scientiae
697 237 771 281 126,
797 238 852 273 23.
877 248 950 272 cor-

267 292 332 326 pus
357 292 378 315 a
403 281 617 327 propinquat
641 282 704 317 deo
731 283 807 326 186,
833 283 888 318 23.

200 326 422 371 adquiescere
447 328 642 362 sententiae
664 327 722 371 23,
745 328 778 364 9.

198 371 387 416 adrogare:
422 372 572 417 adrogas
608 373 680 408 tibi
744 373 950 419 riuilegium

267 417 491 453 innocentiae
521 418 576 462 32,
609 419 665 454 21.
693 429 714 454 a
740 429 871 464 rogans
896 419 950 453 in-

266 462 399 507 peritia
421 463 477 506 21,
503 464 537 498 6.

201 507 412 543 adsentante
438 508 602 544 conludio
629 509 705 553 134,
731 509 785 544 12.

199 553 400 588 adsentatio
426 553 503 596 205,
532 554 566 590 4.

200 598 360 679 δᾶεὲιὸθτο
373 600 575 680 4ueritatem
602 601 655 643 18,
682 600 736 637 12.
762 599 951 635 consilium

199 689 361 770 adser8t÷>r
391 690 469 725 ueri
495 690 572 734 100,
606 690 659 725 12.
685 690 768 725 falsi
794 690 871 733 182,
897 690 952 724 15.

200 780 403 860 adsgssssare
434 791 560 826 corpus
585 791 722 816 summo
747 782 951 826 incorporeo

199 870 372 906 adsolere:
398 873 440 906 ut
464 871 601 907 adsolet
625 872 679 915 75,
705 872 737 907 6.

200 916 404 961 adspectata
429 917 616 961 planarum
639 917 834 964 figurarum
861 918 950 952 rati-

267 972 349 997 ones
373 962 428 1004 90,
454 962 485 997 1.

198 1007 395 1052 adspirare:
427 1007 520 1052 quod
552 1018 623 1043 non
648 1009 751 1044 modo
776 1008 821 1043 ad
845 1007 950 1042 inno-

266 1053 422 1087 uandum
435 1054 618 1098 quippiam
635 1080 641 1087 .
656 1079 665 1088 .
679 1079 688 1088 .
706 1053 839 1089 nobilis
853 1053 949 1088 ullus

267 1098 427 1143 adspirat
450 1098 528 1140 204,
554 1099 588 1134 3.

198 1143 429 1188 adstipulari:
453 1144 518 1178 hoc
543 1144 784 1188 adstipulatur
800 1144 950 1179 rationi-

266 1189 332 1223 bus
367 1190 497 1224 nostris
534 1190 645 1232 79,1.
679 1200 799 1234 pass:
837 1189 951 1234 quoad

267 1245 377 1278 usque
390 1235 501 1269 eidem
516 1237 577 1276 (sc.
590 1237 817 1276 tractatores)
831 1238 951 1270 tenore

273 1280 439 1314 ueritatis
464 1280 732 1325 adstipulantur
758 1281 834 1323 135,
860 1281 893 1316 9.

199 1323 399 1369 adstrepere
422 1326 533 1360 latere
557 1328 662 1360 tenus
689 1327 765 1369 176,
794 1327 823 1362 1.

199 1369 396 1450 adstrdictio
433 1372 508 1405 ueri
546 1372 620 1415 128,
646 1373 679 1407 6.
713 1372 789 1414 154,
814 1372 845 1406 5.
872 1372 949 1415 188,

199 1460 377 1496 adstruere
425 1463 483 1505 (=
514 1462 681 1504 adserere,
731 1462 949 1505 adseuerare)

266 1507 376 1543 absol.
402 1507 456 1549 19,
485 1508 535 1543 11.
567 1508 622 1550 27,
650 1508 703 1544 19.
731 1508 787 1550 31,
816 1508 868 1543 19.
894 1508 950 1550 37,

267 1553 322 1588 16.
358 1553 413 1595 39,
441 1552 495 1587 18.
531 1554 589 1597 52,
615 1554 669 1589 16.
707 1554 783 1595 123,
809 1553 841 1588 9.
873 1554 948 1596 174,

267 1598 430 1633 14.—a.
458 1598 640 1634 diuersum
675 1599 731 1642 22,
768 1599 800 1634 9.
837 1599 951 1644 opini-

266 1654 347 1678 ones
375 1643 432 1686 23,
450 1644 484 1679 3.
509 1644 704 1679 sententias
721 1645 775 1687 23,
793 1645 825 1679 7.
854 1646 951 1690 cogi-

266 1691 345 1723 tata
362 1689 417 1731 23,
434 1689 491 1725 24.
515 1690 731 1725 localitatem
749 1690 950 1725 animarum
983 1727 985 1739 ¹

268 1734 345 1776 169,
370 1735 403 1770 8.
428 1735 474 1778 cf.
506 1736 582 1778 188,
608 1736 640 1770 8.

198 1779 342 1860 adS121e4re
373 1780 581 1825 panniculos
612 1780 746 1816 uilibus
772 1781 847 1816 suis
874 1780 951 1822 136,

199 1870 403 1905 adsumere:
436 1872 513 1916 pati
545 1882 606 1916 pro
636 1871 842 1907 hominibus
867 1871 952 1906 deus

267 1918 303 1951 et
335 1926 403 1951 non
439 1917 626 1961 adsumpto
658 1918 780 1962 potuit
811 1917 952 1952 homine

270 1961 326 2003 34,
353 1963 384 1996 1.
409 1962 455 2005 cf.
481 1963 535 2004 34,
559 1964 593 1997 4.
618 1963 807 2008 adsumpto
825 1963 863 1997 in
886 1963 952 1997 hoc

267 2008 424 2088 ῗέῗυῑὲο
462 2009 690 2053 euangelicae
725 2009 951 2044 auctoritatis

199 2097 362 2133 adtactus
387 2109 488 2143 asper
511 2099 566 2142 82,
594 2100 648 2134 15.

198 2143 358 2178 adtentio
385 2145 460 2186 133,
488 2145 542 2180 13.

199 2188 382 2224 adtinere:
415 2189 502 2234 quid
532 2201 609 2225 mea
634 2190 755 2233 refert,
782 2190 867 2234 quid
891 2191 951 2225 ad-

268 2236 362 2269 tinet
389 2235 465 2277 139,
493 2237 522 2270 1.
547 2236 589 2270 de
614 2236 743 2280 quibus
769 2236 862 2280 quod
889 2236 950 2270 ad-

268 2280 382 2314 tinuit
406 2280 560 2316 diximus
587 2283 662 2323 151,
689 2281 743 2316 14.

201 2324 385 2370 adtingere
410 2326 590 2371 superficie
614 2328 720 2361 tenus
745 2326 800 2369 99,
825 2326 859 2362 3.

201 2370 371 2405 adtollere
387 2372 547 2408 medial.:
572 2383 592 2407 a
609 2371 768 2407 sensibus
794 2372 951 2416 corporis

268 2416 440 2451 adtollere
456 2418 511 2460 87,
528 2418 581 2453 18.
599 2418 629 2452 si
646 2417 786 2462 quaudo
802 2417 950 2461 (anima)

269 2462 305 2495 in
331 2472 469 2497 summa
494 2463 681 2498 adtollitur
705 2464 760 2504 82,
789 2463 845 2497 25.

201 2506 384 2541 adtrahere
408 2519 517 2552 aquas
542 2508 583 2543 de
608 2512 721 2544 terrae
742 2508 879 2542 intimis
898 2508 951 2550 72,

269 2552 326 2632 }3.
349 2563 466 2632 gemm
493 2555 546 2597 73,
570 2554 602 2588 2.
627 2554 747 2588 odores
772 2564 832 2597 per
849 2564 952 2588 nares

201 2642 381 2677 aduerbia
417 2645 659 2680 substantivas
689 2644 953 2679 adiectiuorum

271 2689 346 2723 zoco
381 2688 542 2725 adiecta:
576 2690 614 2724 in
645 2690 712 2724 hoc
737 2689 950 2734 nequiquam

273 2733 441 2769 uidelicet
465 2736 606 2780 negotio
623 2736 677 2778 25,
695 2735 728 2772 9.
752 2736 953 2780 praesenta-

913 114 1050 150 Index

1082 238 1156 273 neis
1191 249 1307 273 coram
1347 238 1649 285 disputationibus
1685 241 1762 283 135,

1086 284 1138 319 13.
1164 303 1206 309 —
1231 284 1385 328 primum
1416 287 1458 319 ut
1481 286 1555 321 sint
1578 286 1759 330 (animae),

1083 328 1244 373 deinceps
1276 331 1317 363 ut
1348 329 1473 365 taliter
1503 332 1577 366 sint
1610 331 1761 376 qualiter

1082 384 1156 409 esse
1186 374 1309 410 debere
1340 374 1401 410 ille
1434 377 1622 412 constituit
1645 375 1701 419 82,
1726 377 1759 413 7.

1085 420 1136 455 11.
1169 419 1345 454 humanus
1378 421 1517 456 animus
1542 431 1759 466 nequaquam

1083 466 1199 509 potest
1223 468 1260 500 et
1284 465 1390 500 aliter
1419 476 1492 501 esse
1516 469 1552 502 et
1568 467 1674 502 aliter
1699 467 1761 501 deo

1082 512 1187 545 notus
1211 521 1285 545 esse
1309 511 1385 552 178,
1411 512 1464 546 11.

1016 556 1163 590 aduersa
1180 557 1270 591 acies
1286 556 1341 597 20,
1360 556 1392 591 9.
1419 567 1449 592 a.
1467 567 1547 601 pars
1564 559 1623 600 (=
1639 557 1762 592 aduer-

1083 601 1211 644 sarius)
1246 602 1297 641 19,
1325 601 1367 636 18
1393 602 1470 645 (M,
1503 602 1643 637 diuersa
1674 603 1762 645 rell„

1083 647 1129 689 cf.
1151 648 1342 691 praefat).

1016 690 1193 726 aduersari
1241 692 1347 726 alicui
1392 692 1446 735 30,
1490 693 1543 727 16.
1592 693 1667 734 189,
1710 694 1762 728 10.

1082 736 1305 771 aduersantis
1341 737 1457 781 ignoti
1494 738 1676 773 conflictus
1707 738 1762 780 20,

1085 782 1137 818 10.
1184 783 1449 817 aduersantium
1498 793 1537 817 os
1585 783 1660 825 125,
1710 783 1762 818 10.

1083 828 1311 862 aduersantes
1329 828 1586 872 prolocutiones
1613 829 1690 873 162,
1710 830 1762 864 15.

981 873 984 887 ’
1015 872 1200 908 aduersum
1225 884 1288 907 nos
1315 874 1389 914 104,
1409 874 1463 908 18.
1491 874 1566 917 134,
1591 874 1624 908 9.
1641 885 1670 909 a.
1689 885 1763 909 cor-

1082 919 1218 963 porales
1252 919 1327 961 141,
1355 919 1406 953 14.
1440 930 1470 952 a.
1496 919 1638 954 breuem
1662 920 1764 964 pagi-

1082 974 1164 998 nam
1192 964 1268 1006 188,
1293 964 1316 999 4
1340 964 1511 1007 (GGM).
1537 985 1579 990 —-
1597 964 1763 999 aduersus

1082 1011 1119 1043 te
1151 1010 1228 1051 171,
1262 1010 1312 1044 ll.
1343 1020 1374 1043 a.
1401 1009 1549 1044 eandem
1572 1010 1627 1053 52,
1655 1011 1708 1046 19.
1733 1021 1764 1046 a.

1081 1055 1181 1089 cuius
1206 1054 1338 1098 scripta
1358 1055 1432 1097 189,
1449 1055 1482 1089 4.
1504 1075 1542 1081 —
1562 1056 1765 1100 concupiuit

1083 1100 1296 1134 aduersus
1336 1110 1475 1134 carnem
1520 1103 1557 1135 et
1602 1102 1764 1145 concupi-

1083 1145 1195 1179 scenti
1230 1145 1468 1180 aduersum
1501 1156 1536 1180 se
1567 1148 1664 1181 carni
1696 1157 1764 1181 non

1082 1191 1189 1224 cessit
1213 1191 1268 1234 57,
1294 1190 1326 1225 2.

1015 1235 1215 1271 aduertere:
1256 1235 1483 1270 aduertamus
1523 1247 1606 1281 ergo
1645 1238 1762 1272 animo

1083 1281 1137 1323 67,
1163 1282 1185 1316 3
1222 1281 1298 1323 (sed
1322 1281 1359 1315 in
1383 1281 1475 1316 illud
1499 1281 1665 1317 aduertas
1689 1283 1764 1317 ani·

1083 1337 1181 1361 mum
1207 1327 1281 1368 111,
1310 1327 1357 1371 3).

1015 1372 1173 1406 adulatio
1196 1372 1276 1415 205,
1301 1372 1334 1406 4.

1015 1418 1207 1452 aduocatus
1232 1419 1385 1461 corporis
1410 1418 1464 1460 53,
1492 1417 1545 1452 10.

1015 1463 1122 1508 adyta
1164 1463 1471 1507 supercaelestium
1520 1463 1764 1498 doctrinarum

1085 1509 1159 1550 145,
1188 1508 1221 1543 3.
1438 1549 1440 1551 v

1016 1564 1213 1598 aegrescere
1237 1554 1292 1596 73,
1318 1554 1372 1590 11.

1015 1599 1198 1643 aegritudo
1224 1599 1278 1641 78,
1307 1599 1362 1634 23.

1016 1645 1175 1689 aequalis
1205 1645 1299 1678 linea
1331 1646 1385 1686 89,
1417 1645 1450 1680 8.
1481 1644 1591 1679 eidem
1625 1644 1766 1679 infinito

1084 1691 1247 1735 aequalia
1278 1691 1332 1732 93,
1359 1690 1414 1725 15.
1445 1700 1508 1724 nec
1532 1689 1597 1724 hoc
1621 1690 1766 1734 aequale

1083 1735 1177 1780 quod
1201 1736 1397 1780 aequalitas
1423 1736 1500 1776 111,
1528 1735 1583 1770 23.

1017 1781 1235 1826 aequalitas:
1271 1782 1373 1815 homo
1411 1781 1454 1815 ad
1490 1780 1765 1815 similitudinem

1084 1827 1239 1861 auctoris
1276 1826 1399 1868 factus,
1436 1837 1504 1860 non
1537 1826 1582 1860 ad
1613 1825 1767 1869 aequali-

1084 1874 1195 1906 tatem
1227 1872 1282 1913 96,
1315 1872 1369 1906 22.
1403 1871 1544 1906 numeri
1568 1871 1765 1915 aequalitas

1084 1918 1161 1960 116,
1189 1918 1242 1951 19.
1265 1918 1311 1960 cf.
1337 1918 1412 1959 111,
1438 1917 1493 1952 24.
1520 1917 1596 1958 117,
1620 1917 1652 1951 5.

1018 1973 1163 2008 aequare
1181 1962 1244 1997 deo
1261 1973 1384 2007 corpus
1403 1962 1479 2004 160,
1500 1962 1553 1997 14.
1574 1962 1622 2004 cf.
1640 1961 1715 2003 103,
1733 1962 1768 1997 3.

1018 2008 1243 2053 aequiperare
1268 2010 1458 2043 creatorem
1483 2007 1538 2050 40,
1564 2008 1597 2042 8.

1017 2054 1176 2098 aequitas
1200 2053 1334 2097 fraglat
1358 2053 1412 2095 76,
1441 2053 1495 2087 21.

1017 2099 1248 2144 aequiternus
1275 2098 1350 2142 112,
1378 2098 1431 2133 12.
1458 2098 1532 2140 122,
1563 2099 1616 2134 19.

1018 2145 1131 2179 aerius
1155 2144 1211 2186 49,
1238 2144 1291 2180 15.
1317 2144 1371 2185 50,
1399 2144 1418 2178 7
1437 2144 1587 2187 passim.

1017 2190 1203 2233 aestimare
1249 2190 1307 2232 (=
1330 2189 1562 2232 existimare):
1610 2189 1768 2224 dubitari

1084 2246 1154 2270 non
1186 2234 1335 2269 aestimo
1370 2234 1427 2273 46,
1453 2234 1486 2268 5.
1523 2234 1578 2276 94,
1612 2235 1644 2269 7.
1669 2254 1713 2259 -
1737 2234 1769 2269 si

1085 2280 1169 2315 haec
1215 2280 1376 2315 localiter
1415 2279 1636 2314 aestimanda
1684 2281 1769 2314 sunt

1019 2374 1180 2406 aestuare
1205 2371 1384 2415 gehennae
1411 2369 1585 2405 incendiis
1611 2369 1686 2412 170,
1712 2370 1768 2404 10.

1017 2420 1198 2452 aeternum
1222 2416 1372 2451 aduerb.
1396 2415 1452 2457 43,
1478 2415 1534 2450 24.

1017 2462 1148 2503 aether,
1174 2472 1245 2496 acc.
1271 2461 1413 2496 aethera
1428 2461 1483 2503 45,
1502 2461 1556 2495 14.
1588 2460 1767 2495 aetherem

1017 2552 1166 2588 aetherii
1190 2552 1291 2596 ignes
1317 2551 1393 2592 144,
1421 2551 1471 2585 19.

1018 2595 1629 2677 ω’ἓὲῗιὲῑέἲῗὲθέωὲἑὲἲὲωᾶἓὲἓο
1642 2606 1769 2675 ῖέἳὶὶἑὲ

1089 2688 1267 2733 posterius
1305 2687 1381 2728 148,
1414 2688 1466 2723 16.
1504 2685 1648 2730 praefixi
1683 2697 1769 2721 aeuo

1088 2733 1233 2768 termini
1256 2733 1332 2773 203,
1362 2733 1400 2766 11
