1884 2998
578 126 637 160 De
659 127 787 161 statu
812 127 987 161 animae
1018 125 1078 161 ΙΙΙ
1104 126 1157 161 10.
1540 127 1618 169 171

114 251 210 305 quia
255 263 349 294 cum
394 252 505 307 lippo
550 250 901 305 imaginationum
947 250 1222 304 corporalium
1265 252 1375 294 intro
1421 251 1622 305 inspicere

114 320 345 373 nequimus,
378 320 546 362 semotis
578 319 794 374 paululum
834 319 935 362 locis
967 319 1287 374 corporibusque
1318 320 1535 362 uideamus
1567 324 1621 370 et,

114 387 187 430 ubi
218 388 398 431 itatenus
435 389 545 431 inter
580 388 797 442 quospiam
819 387 972 430 iudicio
994 387 1193 430 discretos
1215 389 1448 429 inmensum
1470 388 1623 430 dicitur

115 456 310 509 spatium,
343 457 392 498 ut
423 458 550 499 etiam
582 457 784 498 sermonis
814 456 947 510 possit
978 468 1067 498 esse
1098 456 1406 505 commercium,
1432 456 1623 498 animad-

85 525 326 567 5uertamus
357 536 439 566 non
468 526 654 567 locorum
685 524 946 578 distantiam,
969 525 1040 566 sed
1063 524 1342 566 differentiam
1364 523 1624 565 meritorum.

117 606 212 635 cum
242 593 352 636 iusto
382 606 574 648 namque,
607 595 807 647 quantum
838 595 889 636 ad
921 605 1069 647 corpus
1101 595 1277 647 spectat,
1309 592 1502 635 localiter
1534 604 1624 634 esse

116 662 298 704 iniustus
340 664 491 715 potest,
531 661 712 704 iniustus
755 673 852 703 uero
888 674 976 703 esse
1007 662 1051 703 in
1082 661 1318 703 innocentia
1346 662 1460 712 iusti,
1492 660 1626 714 quoad

116 742 245 784 usque
284 730 466 774 iniustus
508 733 585 782 est,
629 742 710 772 non
750 731 901 784 potest.
951 730 1059 771 unde
1089 731 1188 783 quia
1218 731 1312 783 post
1343 732 1522 772 mortem
1552 742 1628 771 nec

116 800 324 854 paenitere
372 800 565 853 cuiquam
614 811 688 840 nec
726 810 894 852 peccare
933 798 1130 852 possibile
1172 802 1246 848 est,
1288 798 1398 840 inter
1439 799 1626 840 saluatos

72 884 106 910 10
119 870 161 910 et
191 868 372 923 perditos
403 867 744 910 intransmeabile
785 867 937 909 dicitur
967 867 1087 909 chaos
1135 866 1448 909 indemutabilis
1479 868 1626 909 statuS.

118 937 193 979 tua
223 937 354 990 igitur
385 937 581 978 aduersus
613 936 654 977 te
684 935 818 977 fertur
845 935 988 978 oratio.
1026 947 1172 989 nempe
1193 935 1495 987 testimonium,
1518 936 1628 989 quod

120 1018 145 1048 a
174 1006 293 1048 nobis
325 1006 602 1060 disparascere
634 998 922 1055 arbitrabaris,
954 1004 1255 1047 animaduertis
1286 1005 1502 1047 nobiscum
1534 1016 1628 1058 pro-

120 1074 231 1117 fectu
272 1074 562 1128 disputationis
603 1086 796 1116 unescere
836 1073 998 1127 tibique
1039 1073 1305 1116 tenuissimos
1344 1073 1408 1116 sui
1439 1074 1630 1115 tramites

122 1144 175 1185 ad
205 1143 372 1185 infinita
401 1143 643 1185 inlocalium
673 1144 889 1197 regionum
921 1143 1056 1197 spatia
1088 1143 1285 1184 ducentes
1318 1143 1489 1184 obuerso
1513 1141 1631 1196 poste

76 1227 110 1253 15
122 1213 322 1262 claudere,
356 1212 452 1265 quia
481 1223 696 1265 corporeae
727 1211 1015 1264 amplitudinis
1053 1213 1275 1266 angustum
1306 1210 1630 1264 incorporalium

122 1281 410 1322 subtilitatum
450 1280 637 1322 inmensa
680 1292 761 1322 non
802 1280 965 1333 capiens
1007 1292 1080 1321 nec
1122 1280 1365 1322 distantiam
1407 1279 1496 1320 sine
1542 1278 1632 1320 loco

122 1361 198 1391 nec
238 1350 411 1391 uerbum
453 1349 542 1391 sine
573 1349 751 1402 strepitu
794 1360 870 1390 nec
900 1349 1108 1402 gremium
1139 1348 1227 1390 sine
1258 1347 1392 1402 spatio
1425 1347 1632 1401 conplecti

122 1418 273 1472 potest.
324 1429 444 1471 porro
477 1418 618 1459 autem
650 1429 843 1470 corporea
873 1430 954 1459 non
985 1419 1081 1459 sunt
1113 1416 1484 1470 quaecumqueita
1520 1416 1630 1457 sunt.

123 1486 285 1528 animae
326 1498 423 1528 uero
465 1487 671 1537 Abrahae,
713 1486 859 1528 Lazari
899 1486 941 1527 et
982 1486 1125 1528 diuitis
1166 1486 1226 1527 ita
1262 1487 1373 1535 sunt,
1417 1496 1633 1538 corporeae

78 1555 253 1610 anigitur
293 1568 375 1598 non
415 1558 525 1597 sunt.
578 1556 649 1597 sed
691 1567 794 1608 quae
833 1554 1025 1608 posthinc
1075 1554 1186 1596 hisce
1236 1555 1391 1596 similia
1437 1556 1635 1596 secuntur

126 1624 264 1666 minus
310 1624 490 1677 profecto
535 1626 577 1666 in
622 1624 948 1666 confutationem
994 1623 1059 1665 sui
1100 1635 1224 1677 penes
1271 1623 1431 1665 consilii
1472 1622 1636 1676 uigidos

126 1693 279 1736 habere
311 1693 466 1735 laboris
499 1694 662 1736 debent.
715 1695 863 1735 cordax
904 1693 1056 1747 quippe
1086 1692 1206 1733 iudex
1236 1693 1315 1734 rite
1347 1693 1507 1733 uictum
1540 1702 1635 1733 cen-

128 1763 192 1804 set
232 1762 303 1815 qui
343 1774 414 1816 pro
456 1762 520 1804 sui
560 1761 834 1804 inbecillitate
876 1774 948 1815 par
989 1760 1115 1803 uictis
1154 1761 1230 1803 est.
1298 1761 1405 1802 unde
1436 1771 1516 1801 non
1546 1758 1636 1801 sine

127 1831 284 1885 pudore
332 1832 489 1886 stupeo,
538 1831 646 1885 quod
691 1843 764 1885 pro
807 1830 1095 1885 conprobanda
1140 1831 1301 1872 animae
1343 1828 1637 1882 corporalitate

201 2025 218 2059 1
238 2024 468 2068 introspicere
479 2025 525 2068 10²
646 2023 668 2057 2
686 2023 912 2068 nequiuimus
938 2023 974 2058 R
992 2021 1071 2058 Sch.
1193 2022 1215 2056 3
1233 2022 1377 2055 eatenus
1390 2022 1435 2065 φ’
1550 2021 1572 2055 5
1588 2019 1639 2054 lo-

131 2097 253 2121 carum
277 2087 312 2122 R
429 2088 450 2122 6
475 2088 613 2131 spectat
631 2086 733 2129 E2G,
771 2087 927 2130 espectat
950 2085 1014 2126 M,
1050 2085 1210 2129 expectat
1228 2084 1305 2119 rell.
1422 2083 1442 2118 7
1467 2093 1539 2117 non
1556 2086 1641 2118 ante

132 2150 251 2194 potest
275 2149 361 2184 add.
389 2149 419 2184 S
545 2149 699 2183 iniustos
725 2149 782 2191 H,
823 2149 958 2183 iniusto
984 2148 1020 2183 B
1154 2148 1175 2181 8
1200 2157 1274 2181 esse
1300 2147 1321 2181 b
1443 2146 1464 2180 9
1489 2146 1641 2191 peniteri

133 2211 164 2246 S
279 2212 317 2246 11
337 2214 373 2246 te
390 2212 505 2257 igitur
523 2212 693 2247 aduersus
710 2214 774 2246 tua
794 2212 827 2247 G
943 2211 1133 2245 aduersum
1157 2209 1232 2244 Mb
1349 2208 1502 2243 refertur
1520 2220 1549 2253 p

133 2274 273 2318 quodall
298 2275 334 2310 R
455 2275 498 2309 12
524 2275 643 2319 dispar
661 2284 813 2309 asserere
838 2274 912 2309 Mb
1006 2291 1010 2296 -
1029 2271 1261 2307 arbitraberis
1281 2270 1387 2313 M¹b,
1426 2270 1642 2306 arbitrabere

137 2336 172 2372 G
286 2338 487 2382 nobiscum]
507 2349 586 2373 cum
604 2338 688 2373 add.
705 2338 742 2374 R
857 2337 1019 2382 profectu
1036 2335 1109 2370 AB
1116 2362 1123 2376 ‚
1149 2335 1304 2380 profecto
1320 2334 1370 2368 M
1494 2333 1537 2369 13
1554 2343 1642 2368 una-

134 2429 227 2453 scere
257 2419 312 2461 A,
354 2419 441 2454 bene
467 2419 554 2454 scire
579 2419 628 2453 M
650 2420 757 2462 (corr.
789 2418 850 2453 M²
873 2418 914 2453 in
938 2417 1084 2462 mara),
1126 2417 1287 2450 unestere
1317 2415 1371 2457 R,
1412 2424 1573 2449 unescere
1605 2413 1644 2456 S,

135 2488 223 2522 bene
241 2488 335 2522 stare
352 2488 372 2522 b
487 2488 722 2522 tenuissimus
740 2486 776 2521 R
892 2486 936 2520 14
954 2486 1034 2530 post
1050 2487 1086 2520 te
1103 2484 1139 2519 R
1255 2483 1298 2518 18
1321 2493 1465 2528 corpora
1480 2482 1642 2524 ADE'F,

137 2553 227 2595 corp’
261 2550 297 2585 B
437 2551 479 2585 19
511 2551 629 2586 lazaro
663 2550 699 2585 R
836 2549 907 2584 ista
938 2549 974 2583 A
1112 2547 1157 2581 20
1189 2547 1385 2590 sequuntur
1415 2545 1551 2581 Esch.

137 2613 182 2647 21
207 2614 339 2658 uigilos
365 2614 403 2657 b,
439 2614 568 2658 uigiles
589 2624 616 2657 p
740 2612 784 2647 22
809 2612 945 2647 labores
970 2611 1042 2646 AG
1157 2609 1322 2644 cordatus
1347 2609 1367 2643 b
1482 2609 1643 2643 uinctum

139 2676 259 2710 ΑΒΗ
266 2677 316 2712 ¹R
453 2676 558 2710 cessit
590 2676 625 2711 R
763 2674 808 2710 23
840 2675 901 2719 qui
932 2674 1023 2716 Mb,
1064 2671 1157 2717 quod
1188 2671 1264 2706 rell.
1299 2674 1332 2706 et
1364 2670 1444 2707 Sch.
1582 2679 1646 2714 par

139 2735 256 2768 uictus
282 2734 302 2768 b
439 2733 601 2768 uictisset
625 2733 660 2768 R
