1884 2998
618 98 677 133 De
702 99 828 133 statu
853 100 1027 134 animae
1059 99 1098 135 II
1125 100 1156 134 7.
1560 104 1642 146 123

131 236 208 277 pus
248 235 335 265 esse
367 235 410 265 se
441 223 626 274 credunt,
670 234 751 264 non
782 234 854 276 per
884 223 960 265 hoc
992 223 1224 267 animarum
1257 226 1394 280 generi
1426 228 1641 283 derogans,

135 293 204 334 sed
235 291 436 345 quosdam
467 291 696 333 sententiae
718 302 816 333 suae
841 291 1105 344 inprobitate,
1137 305 1219 334 non
1241 306 1332 336 mea
1353 296 1495 348 sponte
1517 296 1642 339 deno-

134 363 239 402 tans.
292 360 333 401 et
379 360 477 413 quid
523 357 761 401 hominibus
807 358 891 408 fiat,
939 372 1039 413 quos
1086 371 1179 402 cum
1219 373 1264 403 eo
1301 375 1429 416 usque
1472 363 1642 407 inscitia

132 430 287 482 teneat,
319 430 366 470 ut
397 428 584 470 indoctos
614 439 658 468 se
679 438 766 468 esse
787 427 989 476 nesciant,
1021 427 1220 471 scientiae
1251 430 1379 472 nihilo
1401 431 1536 473 minus
1556 434 1642 486 pri-

102 497 337 551 5uilegium
368 496 446 538 sibi
485 495 713 546 uindicant‚
756 497 936 549 dumque
966 496 1010 537 in
1038 495 1239 548 inperitas
1272 510 1389 539 aures
1420 501 1642 542 uerborum

131 565 355 619 puerilium
401 576 568 618 spumas
614 566 829 618 exspuunt,
875 577 957 606 uno
989 568 1210 619 eodemque
1255 569 1467 609 mendacio
1509 571 1640 612 semet

132 634 329 676 scientiae
357 633 526 683 fallunt,
558 634 661 675 alios
694 634 875 675 docendo
907 634 1118 687 decipiunt
1145 634 1295 688 Lysiae
1316 635 1487 690 similes,
1519 649 1642 690 quem

131 702 281 745 Platon
312 703 424 744 idem
456 714 570 745 cassa
599 715 739 744 rerum
772 702 898 744 uerba
919 702 1165 746 fundentem
1196 704 1239 745 in
1259 703 1448 747 Phaedro
1471 706 1641 748 eatenus

133 772 328 826 increpat,
361 772 408 813 ut
438 783 524 813 esse
555 770 737 813 deterius
774 771 964 813 adstruat
993 783 1171 825 gnarum
1192 771 1427 823 uerborum,
1450 772 1642 827 ignarum

86 852 222 884 messe
260 852 490 892 causarum,
533 852 657 893 quam
688 839 944 882 nescientem
979 852 1117 882 rerum
1149 840 1276 882 uerba
1307 841 1473 893 nescire,
1506 843 1641 896 potius

134 908 340 951 arbitrans
378 908 606 961 inperitum
644 908 859 950 silentium
900 908 1063 961 loquaci
1103 908 1310 961 inperitia.
1362 909 1470 951 unde
1515 910 1641 953 etiam

131 976 291 1018 Tullius
322 977 428 1019 libro
462 977 510 1019 de
534 978 692 1019 oratore
713 978 866 1030 primo:
900 976 1207 1030 eloquentia
1238 979 1334 1031 est,
1369 978 1516 1032 inquit,
1548 981 1642 1022 sci-

132 1045 274 1088 entia
306 1046 896 1099 conprehendendarum
926 1059 1096 1087 rerum
1126 1047 1494 1101 plurimarum,
1528 1048 1641 1089 sine

132 1126 233 1167 qua
277 1116 553 1157 uerborum
594 1114 921 1157 uolubilitas
959 1114 1131 1157 inanis
1171 1116 1328 1168 atque
1358 1115 1642 1159 inridenda

85 1184 232 1238 nest,
264 1186 305 1225 et
341 1184 463 1237 paulo
495 1184 605 1237 post:
638 1183 826 1225 etenim
860 1196 915 1224 ex
946 1196 1117 1225 rerum
1148 1185 1457 1239 cognitione
1489 1185 1641 1227 efflo-

131 1253 308 1294 rescat
340 1253 390 1293 et
421 1253 682 1294 redundet
728 1252 937 1305 oportet
967 1252 1161 1303 oratio,
1206 1254 1291 1294 cui
1321 1253 1430 1294 nisi
1462 1253 1641 1296 subest

131 1332 212 1362 res
252 1320 312 1362 ab
357 1322 564 1363 oratore
609 1322 855 1373 percepta
898 1322 947 1362 et
986 1320 1219 1374 cognita,
1251 1321 1456 1363 inanem
1489 1334 1640 1375 quan-

130 1391 240 1431 dam
278 1388 438 1430 habet
475 1389 798 1430 locutionem
837 1389 885 1430 et
914 1400 1077 1442 paene
1119 1389 1389 1442 puerilem.
1441 1391 1513 1432 sed
1544 1391 1640 1433 hinc

133 1458 248 1500 alias,

84 1546 132 1575 20>
186 1527 237 1568 In
268 1526 455 1568 Phaedro
487 1527 628 1568 autem
650 1526 797 1568 Platon
829 1528 878 1568 de
909 1526 1049 1568 anima
1070 1528 1128 1569 sic
1150 1528 1415 1580 pronuntiat:
1447 1527 1640 1571 anima,

131 1595 279 1650 inquit,
311 1595 621 1637 inmortalis
654 1597 761 1646 est,
799 1606 928 1650 quae
959 1608 1162 1649 semper
1194 1609 1216 1638 a
1248 1608 1299 1638 se
1330 1596 1446 1649 ipsa
1476 1608 1640 1639 moue-

132 1664 219 1706 tur
256 1667 304 1706 et
342 1664 468 1705 aliis
508 1676 666 1706 causa
697 1664 865 1706 motus
897 1665 996 1714 est,
1043 1676 1188 1717 corpus
1214 1666 1353 1706 autem
1383 1677 1455 1717 per
1485 1676 1530 1706 se
1561 1676 1640 1707 non

131 1735 331 1775 mouetur.
384 1745 465 1774 non
497 1732 556 1774 ait
587 1735 776 1775 tantum:
817 1735 998 1774 mouet
1041 1733 1165 1783 alia,
1202 1732 1295 1775 sed:
1328 1732 1454 1774 aliis
1486 1744 1639 1774 causa

271 1847 313 1881 12
338 1846 409 1882 Cic.
428 1846 470 1881 de
488 1849 577 1883 orat.
602 1847 621 1881 I
646 1848 679 1891 5,
699 1847 741 1881 17
871 1848 914 1882 15
937 1847 1008 1885 Cic.
1027 1846 1069 1881 de
1084 1848 1174 1884 orat.
1201 1847 1220 1882 I
1245 1848 1277 1888 6,
1303 1846 1348 1881 20
1475 1845 1520 1880 20
1545 1845 1639 1880 Plat.

132 1903 283 1938 Phaedr.
311 1914 390 1948 pag.
414 1904 482 1938 245
499 1915 516 1938 c
813 1925 816 1928 -

202 2009 221 2042 1
254 2018 290 2042 se
313 2017 379 2042 om.
404 2007 700 2044 BEFHLRS¹b
834 2018 870 2042 se
895 2017 1020 2051 corpus
1045 2018 1118 2042 esse
1144 2006 1222 2042 Βοὴ.
1355 2016 1391 2040 se
1416 2016 1489 2040 esse
1514 2005 1550 2040 A

133 2065 154 2099 2
186 2065 356 2100 scientiae
389 2064 420 2100 S
553 2065 575 2100 3
608 2065 650 2099 de
676 2068 762 2100 ante
786 2064 993 2100 hominibus
1023 2063 1108 2099 add.
1136 2064 1219 2100 Sch.
1357 2063 1456 2108 quos]
1482 2072 1544 2097 cur
1567 2061 1642 2096 AB

133 2121 302 2164 HLRS¹‚
343 2123 385 2156 ut
420 2121 539 2156 DEF
671 2132 758 2166 quos
791 2132 869 2156 cum
902 2122 1095 2156 conuiceris
1128 2120 1284 2156 amentia
1318 2130 1358 2154 ea
1388 2120 1511 2154 teneat
1543 2118 1638 2153 coni.

135 2179 315 2215 Barthius
451 2178 642 2213 inscientia
672 2178 881 2222 BDGMb,
923 2179 1049 2213 insitia
1079 2178 1116 2214 R
1252 2178 1276 2212 4
1308 2176 1402 2211 nihil
1435 2174 1640 2210 hominibus

135 2237 171 2272 B
301 2238 322 2272 5
348 2235 532 2271 uindieent
555 2236 738 2272 Barthius
868 2236 906 2270 in
930 2246 997 2271 om.
1023 2236 1097 2270 Mb
1231 2235 1252 2269 6
1278 2237 1400 2279 spuma
1424 2234 1560 2277 spuunt
1583 2232 1640 2273 M,

135 2327 259 2362 spuma
294 2317 493 2361 conspuunt
529 2316 549 2350 b
698 2315 718 2349 7
757 2281 854 2350 alio}
885 2315 915 2350 S
1061 2314 1258 2359 decipiunt]
1296 2314 1384 2348 alios
1420 2311 1505 2347 add.
1542 2311 1639 2351 libri,

134 2374 203 2410 del.
229 2373 273 2409 18²
291 2373 391 2416 Sch„
430 2373 530 2407 illius
550 2382 623 2417 pro
648 2373 736 2406 alios
761 2372 873 2407 scribi
897 2372 995 2407 iubet
1020 2372 1202 2408 Barthius
1339 2370 1361 2404 8
1394 2369 1493 2413 plato
1526 2367 1646 2403 DEF

134 2431 213 2466 HL
351 2441 466 2465 crassa
494 2440 522 2474 p
658 2429 836 2474 phedrone
861 2429 901 2464 D
1039 2430 1060 2464 9
1085 2428 1249 2474 gnarum]
1275 2427 1441 2470 ignarum
1465 2424 1639 2460 A¹BCD¹

134 2489 297 2525 F¹H¹R²
424 2488 610 2523 uerborum
636 2488 803 2532 ignarum
829 2497 895 2522 om.
927 2487 970 2523 0¹
1099 2487 1142 2521 12
1166 2486 1307 2520 aratore
1335 2483 1369 2518 G
1497 2483 1539 2517 de
1565 2493 1640 2517 ora-

134 2548 211 2581 tore
235 2545 328 2580 libro
354 2545 468 2590 primo
493 2544 529 2580 R
668 2544 816 2578 scientia
841 2554 908 2579 om.
933 2544 1007 2579 Mb
1146 2542 1188 2577 13
1220 2539 1543 2584 conprehendarum
1576 2539 1644 2574 CF

139 2603 334 2645 GHLRS,
383 2602 702 2647 conprehensarum
735 2601 770 2635 A
911 2602 953 2636 15
991 2603 1026 2635 et
1067 2600 1226 2634 florescat
1261 2597 1298 2633 R
1436 2596 1477 2631 16
1519 2596 1638 2630 subest

135 2661 205 2706 res]
232 2660 298 2695 sub
323 2660 434 2694 efores
457 2659 495 2695 R
635 2659 677 2693 17
702 2662 843 2693 aratore
871 2658 905 2693 G
1046 2657 1088 2691 18
1113 2657 1197 2690 haec
1222 2654 1242 2688 b
1373 2653 1418 2687 20
1442 2652 1638 2696 phaedrone

136 2717 216 2752 DF
328 2717 426 2761 plato
452 2715 607 2751 DEFH
727 2715 875 2749 nunciat
899 2714 974 2749 Mb
1100 2713 1142 2747 21
1168 2712 1246 2756 ipsa
1270 2720 1337 2746 om.
1361 2708 1552 2744 ABDEF
