1884 2998
236 133 265 176 6
794 132 956 168 Fausti
980 133 1188 169 Roiensis

238 259 365 300 deus
412 260 608 310 noster,
649 261 701 301 et
730 270 824 301 non
868 260 1214 315 reputabitur
1254 263 1393 305 alius
1434 263 1492 305 ad
1531 276 1659 319 eum,
1700 267 1743 308 et

238 328 334 380 post
363 326 485 370 haec:
516 326 658 370 inter
689 327 924 371 homines
955 331 1099 372 uisus
1129 334 1209 373 est
1234 332 1282 373 et
1307 345 1416 374 cum
1445 332 1742 377 hominibus

239 398 594 439 conuersatus
634 399 727 441 est.
779 399 1009 440 secundum
1048 400 1149 442 haec
1191 412 1284 454 ergo
1323 401 1434 442 inter
1472 401 1664 456 genitum
1700 406 1743 444 et

239 465 475 519 ingenitum
515 477 590 507 nec
629 466 729 507 ordo
770 467 845 517 est,
878 468 976 520 quia
1006 480 1112 509 unus
1144 470 1217 519 est,
1250 481 1325 511 nec
1354 470 1521 523 tempus
1552 471 1741 523 interest,

238 534 335 588 quia
378 534 536 588 primus
584 538 657 587 est,
698 547 772 577 nec
810 537 1113 589 postponendus
1152 538 1226 588 est,
1267 537 1362 591 quia
1401 539 1511 580 solus
1554 541 1627 590 est,
1669 552 1742 581 nec
1772 556 1790 582 5

236 604 374 645 minor
415 604 609 646 dicendus
656 605 733 654 est,
775 605 872 657 quia
910 605 1052 658 plenus
1090 607 1165 647 est.
1218 618 1314 660 ergo
1354 607 1506 649 dicitur
1535 608 1742 661 perfectus

237 672 519 726 simplicisque
556 673 739 722 naturae,
779 673 1098 715 inaestimabilis
1141 676 1182 715 et
1221 674 1494 728 inpassibilis,
1532 676 1611 717 etsi
1649 690 1743 719 eum

238 741 465 783 secundum
500 753 666 783 carnem
697 754 866 794 passum
888 754 976 783 esse
999 754 1072 796 pro
1095 743 1213 786 nobis
1235 744 1437 786 ueraciter
1459 745 1502 787 et
1522 745 1744 787 salubriter

237 810 494 852 confitemur.

294 892 398 934 Post
441 892 541 934 haec
587 891 776 945 sequenti
821 892 908 934 loco
952 893 1114 946 quaeris
1161 905 1184 934 a
1224 905 1302 944 me,
1345 905 1423 947 quo
1464 896 1583 936 modo
1627 895 1791 938 iuxtam

236 962 517 1004 substantiam
569 960 634 1003 dei
683 961 726 1002 in
778 962 957 1015 epistula
1007 963 1186 1016 quadam
1232 963 1432 1015 scriptum
1479 963 1556 1005 sit:
1601 963 1742 1005 nihil

236 1032 407 1073 sensit
455 1030 719 1084 patientis
769 1043 949 1084 sensu,
1011 1032 1099 1072 sed
1150 1032 1318 1074 sensit
1368 1033 1740 1086 conpatientis

237 1100 464 1143 adfectu.

293 1181 433 1222 Primo
460 1179 545 1231 hoc,
570 1181 676 1233 quod
698 1192 772 1222 nec
794 1180 1056 1233 philosophos
1080 1180 1218 1231 latuit,
1246 1181 1348 1222 scire
1369 1182 1738 1234 promptissimum,

240 1249 389 1306 <quia>
422 1251 462 1291 in
495 1249 662 1290 homine
684 1250 873 1291 diuersae
895 1249 1163 1301 adfectiones,
1195 1249 1238 1291 id
1260 1253 1335 1300 est,
1368 1250 1543 1298 iustitia,
1575 1250 1740 1292 miseri·
1757 1266 1791 1292 15

236 1318 387 1369 cordia,
428 1320 638 1373 sanctitaS,
681 1318 980 1368 beneuolentia‚
1023 1319 1156 1372 pietas
1195 1331 1258 1360 res
1300 1319 1541 1361 accedentes
1573 1321 1670 1360 sunt
1701 1321 1743 1361 et

233 1387 325 1429 ideo
347 1387 534 1428 adfectus
557 1389 770 1428 uocantur.
824 1387 923 1429 deus
945 1400 1043 1429 uero
1066 1387 1131 1429 his
1153 1400 1233 1429 non
1255 1387 1513 1440 passibiliter
1534 1387 1739 1441 adficitur,

235 1457 332 1511 quia
370 1456 406 1497 ei
446 1456 580 1497 inesse
618 1455 773 1510 iugiter
813 1458 854 1497 et
885 1455 1136 1498 naturaliter
1167 1456 1450 1498 dinoscuntur.
1504 1469 1598 1510 ergo
1631 1457 1739 1510 quod

232 1526 278 1567 in
323 1526 487 1567 homine
527 1524 712 1566 adfectus
752 1527 794 1566 et
833 1525 982 1578 gratia,
1023 1525 1066 1566 in
1107 1526 1180 1567 deo
1220 1525 1354 1566 uirtus
1395 1527 1457 1566 est
1497 1527 1539 1567 et
1577 1528 1738 1569 natura.

232 1607 329 1637 nam
375 1594 483 1648 quod
529 1595 687 1636 dictum
733 1594 815 1636 est:
857 1594 999 1635 nihil
1038 1593 1209 1636 sensit
1248 1594 1516 1647 patientis
1562 1607 1789 1649 sensu,2o

233 1666 325 1706 sed
376 1663 545 1705 sensit
591 1662 960 1716 conpatientis
1006 1663 1236 1717 adfectu,
1283 1675 1355 1704 cur
1404 1662 1622 1717 quisquam
1667 1663 1739 1705 illo

232 1746 358 1776 sensu
391 1733 524 1775 dicere
553 1744 636 1773 non
666 1735 917 1786 praesumat,
950 1732 1058 1786 quod
1089 1732 1218 1774 etiam
1249 1731 1537 1785 propheticum
1559 1744 1739 1774 comme-

232 1803 395 1844 morat:
443 1802 665 1851 domine,
706 1814 764 1842 ne
803 1801 854 1843 in
895 1802 977 1843 ira
1017 1801 1104 1842 tua
1143 1812 1332 1855 arguas
1373 1812 1447 1842 me
1487 1813 1646 1854 neque
1688 1801 1739 1843 in

234 1871 407 1914 furore
446 1872 533 1912 tuo
576 1870 836 1924 corripias
875 1883 970 1922 me,
1012 1873 1072 1912 et:
1116 1870 1317 1912 iurauit
1355 1870 1615 1920 dominus,
1649 1881 1740 1912 nec

232 1939 532 1994 paenitebit
562 1952 693 1988 eum,
725 1939 961 1981 etiterum:
985 1939 1157 1981 iratus
1188 1939 1268 1980 est
1298 1938 1532 1981 dominus
1553 1938 1790 1992 populozf,

232 2021 326 2051 suo
365 2012 416 2050 et
457 2008 797 2051 abominatus
836 2011 915 2050 est
953 2008 1307 2050 hereditatem
1352 2019 1515 2057 suam,
1558 2007 1599 2048 et
1638 2007 1738 2049 item

368 2162 389 2197 2
413 2162 497 2199 Bar.
522 2162 555 2203 3,
578 2161 624 2196 38
765 2161 804 2195 ll
826 2161 908 2196 uide
924 2160 1051 2196 Fausti
1068 2161 1257 2205 epistulam
1275 2160 1320 2195 ad
1337 2159 1488 2195 Gratum
1506 2160 1600 2205 apud
1618 2160 1740 2204 Migne

230 2219 355 2254 LVIII
379 2218 492 2255 854G
629 2218 676 2253 23
712 2218 843 2253 Psalm.
880 2219 912 2260 6,
945 2218 985 2258 2ς
1022 2218 1077 2262 37,
1107 2218 1128 2252 2
1266 2218 1311 2253 24
1347 2217 1478 2252 Psalm.
1518 2218 1594 2260 109,
1626 2218 1648 2252 4

230 2277 275 2312 25
301 2276 432 2313 Psalm.
460 2276 536 2318 105,
562 2275 608 2310 40

302 2419 345 2454 10
376 2419 497 2464 queris
529 2419 565 2454 Z
700 2419 743 2453 12
778 2418 947 2462 patientis
971 2418 1118 2462 scripsi,
1152 2417 1198 2461 cf.
1224 2417 1331 2460 infra
1356 2417 1422 2452 lin.
1447 2418 1513 2459 20,
1561 2417 1740 2462 pacientes

231 2480 262 2518 (s
285 2477 328 2511 in
343 2477 433 2520 ras.)
459 2476 508 2519 Z,
549 2475 710 2521 patiente
732 2475 905 2511 Oanis-ius
1024 2475 1263 2520 conpatientis
1287 2475 1435 2519 scripsi,
1479 2475 1741 2519 compacientes

230 2534 279 2577 Z,
328 2533 567 2578 compatiente
593 2533 762 2569 Canisius
901 2532 945 2567 14
977 2533 1290 2578 prumptissimum
1323 2531 1360 2566 Z
1493 2533 1537 2567 15
1569 2532 1651 2577 quia
1680 2533 1740 2567 in-

227 2591 330 2627 serui
353 2601 397 2626 ex
427 2590 558 2627 Claud.
583 2591 699 2626 Mam.
725 2590 807 2625 libr.
827 2589 855 2624 Ι
875 2601 955 2634 cap.
974 2589 1060 2633 III,
1098 2601 1163 2625 om.
1188 2590 1222 2625 Z
1236 2589 1410 2626 Canisius
1540 2588 1740 2624 affectionis

228 2649 265 2684 Z
393 2648 437 2683 16
462 2647 683 2691 accedentes]
710 2648 757 2691 cf.
774 2647 930 2682 indicem
946 2658 973 2683 s.
991 2659 1028 2683 u.
1163 2648 1204 2682 17
1230 2646 1450 2692 possibiliter
1476 2646 1647 2682 Ganisius

228 2705 274 2741 19
298 2705 348 2751 et]
374 2715 414 2740 ex
444 2705 617 2742 C'wnisius
640 2708 797 2750 utroque
819 2706 904 2745 loco,
929 2704 992 2740 sed
1016 2704 1062 2747 ef.
1094 2704 1222 2740 Claud.
1250 2705 1364 2740 Mam.
1391 2704 1414 2740 l.
1445 2713 1474 2740 c,
1609 2703 1654 2738 20
1679 2714 1739 2749 pa-

228 2762 357 2797 cientis
382 2763 417 2797 Z
553 2762 595 2796 21
622 2762 859 2808 conpacientis
884 2762 917 2797 Z
1050 2762 1093 2796 25
1120 2762 1294 2806 penitebit
1319 2761 1355 2795 Z
