1884 2998
613 106 674 142 De
697 107 826 142 statu
850 107 1023 142 animae
1047 108 1066 144 I
1089 108 1122 143 9.
1561 110 1618 153 49

116 232 223 287 (111οᾱ
254 232 289 274 si
321 231 447 273 etiam
479 244 528 273 ex
558 231 635 273 1100
666 243 746 273 11011
779 231 947 273 daretur
977 233 1155 285 agnosci,
1187 233 1254 275 uel
1283 233 1379 276 hinc
1400 233 1619 277 manifesto

115 302 254 355 posset
283 299 488 354 intellegi,
526 300 635 353 quod
674 299 809 342 omnis
850 312 919 341 aer
958 299 1057 342 solis
1097 302 1330 354 praesentia
1359 302 1548 344 clarescit
1577 305 1618 344 et

115 368 366 412 tenebrescit
397 367 597 410 absentia.
643 369 713 410 sed
745 370 786 410 et
824 367 930 410 illud
968 369 1167 411 maximae
1202 370 1374 412 rationis
1407 374 1479 420 est,
1512 372 1619 425 quod

118 450 188 480 aer
218 438 361 492 ignem
390 437 549 490 patitur
579 439 628 478 ut
658 435 805 486 caleat,
845 449 921 478 nec
951 439 1093 479 tamen
1122 437 1174 479 ab
1206 450 1298 480 aere
1325 438 1480 492 aliquid
1510 439 1619 493 pati-

77 521 94 547 5
117 506 187 548 tur
216 505 324 560 ignis
357 506 405 547 ut
435 504 599 558 frigeat.
652 515 721 547 aer
757 504 1015 559 quibuslibet
1044 506 1228 548 uasculis
1249 507 1405 549 includi
1427 508 1467 548 et
1489 508 1619 550 conti-

118 575 206 618 neri
237 575 387 629 potest,
420 587 515 616 cum
546 574 622 616 1100
651 585 817 626 prorsus
847 573 935 628 igni
964 587 1044 617 non
1075 575 1249 617 accidat.
1302 575 1366 617 est
1395 587 1490 628 ergo
1512 575 1621 628 ignis

119 656 210 686 aere
241 642 459 697 perspicua
489 642 650 684 ratione
680 643 971 697 praestantior,
1012 642 1128 685 uisus
1159 655 1256 685 uero
1287 644 1403 686 nobis
1435 657 1482 685 ex
1512 644 1620 698 igne,

118 712 189 766 qui
219 712 362 765 utique
393 722 535 752 sensus
567 710 725 753 homini
754 710 1000 765 belluaeque
1024 712 1253 754 communis
1286 713 1362 764 est,
1394 712 1454 753 sic
1483 715 1623 753 tamen

119 783 166 823 ut
198 780 422 823 nonnullae
464 779 733 820 inrationales
772 778 1008 821 animantes
1049 792 1146 833 prae
1186 779 1423 822 hominibus
1454 782 1624 834 uigeant

74 850 306 892 10acumine
336 847 519 891 uidendi.
571 848 605 890 si
637 860 733 902 ergo
771 850 915 902 negari
945 848 1088 902 nequit
1118 848 1233 891 uisus
1265 862 1311 891 ex
1341 849 1438 903 igne
1475 860 1562 890 esse
1583 849 1624 890 et

120 918 349 960 secundum
379 917 496 959 tuam
536 917 739 958 rationem
769 917 907 958 anima
943 929 992 958 ex
1022 928 1127 967 aere,
1159 917 1405 959 eminentior
1435 928 1531 970 ergo
1562 918 1625 958 est

120 986 326 1041 dignitate
347 985 605 1027 substantiae
627 985 768 1027 oculus
790 985 971 1038 pecudis,
996 997 1119 1039 quam
1141 986 1279 1028 anima
1306 984 1497 1036 hominis,
1529 986 1625 1038 (11113

119 1055 191 1097 1110
224 1067 271 1096 ex
300 1054 397 1107 igne
433 1054 598 1096 ethaeo
628 1067 676 1095 ex
707 1066 813 1095 aere.

178 1134 272 1176 Non
310 1134 504 1176 inmerito
546 1133 731 1176 animam
770 1133 948 1176 localem
986 1133 1109 1188 putat
1149 1135 1191 1175 et
1231 1133 1413 1175 elaustro
1445 1133 1627 1186 corporis

75 1221 108 1247 15
122 1203 339 1246 confirmat
370 1203 524 1245 includi
550 1204 620 1257 qui
650 1204 823 1245 eandem
845 1203 999 1245 aeriam
1031 1201 1199 1244 iudicat.
1244 1202 1494 1244 alterutrum
1517 1214 1627 1244 nunc

121 1272 252 1327 igitur
284 1272 413 1326 eligas
445 1272 628 1325 oportet:
661 1272 734 1313 aut
765 1271 1008 1313 deteriorem
1038 1271 1131 1313 uisu
1162 1270 1329 1325 pecudis
1362 1270 1558 1324 animam,
1591 1270 1627 1312 si

123 1341 294 1390 aeriam,
326 1341 399 1382 aut
429 1353 508 1383 non
542 1342 710 1391 aeriam,
740 1340 777 1382 si
797 1341 1151 1394 praestantiorem.
1203 1339 1335 1381 cernis
1358 1351 1482 1393 quam
1505 1337 1625 1380 facile

122 1410 312 1452 indoctae
342 1408 588 1463 figmentum
609 1409 958 1464 praesumptionis
980 1408 1164 1459 euanuit,
1186 1410 1479 1462 praeterquam
1502 1406 1628 1448 innu-

123 1490 237 1521 mera
274 1490 398 1531 super
434 1477 510 1520 hoc
549 1478 831 1533 argumentari
872 1477 1233 1531 promptissimum
1279 1477 1355 1519 est.
1408 1488 1554 1529 nempe
1591 1474 1629 1517 si

77 1564 112 1590 20
125 1549 237 1590 aeria
268 1549 343 1600 est,
385 1558 480 1601 ergo
519 1547 712 1589 tenebrae
750 1546 865 1588 illius
906 1546 1088 1600 corporei
1117 1545 1240 1587 huius
1279 1545 1380 1587 solis
1419 1544 1629 1586 abscessus

124 1618 165 1659 et
195 1616 268 1658 lux
307 1615 396 1658 eius
427 1615 550 1657 huius
586 1614 716 1669 ipsius
747 1615 894 1657 itidem
924 1614 1022 1657 solis
1057 1613 1257 1656 aduentus
1289 1615 1363 1656 est.
1396 1611 1629 1665 falsumque

122 1686 203 1728 erit
223 1684 343 1737 illud,
366 1685 474 1739 quod
497 1684 756 1739 euangelista
777 1683 1018 1739 pronuntiat
1050 1682 1211 1725 dicens:
1238 1683 1351 1724 erat
1370 1681 1461 1723 lux
1481 1692 1627 1731 uera,

125 1766 254 1808 quae
275 1752 564 1795 inluminat
585 1764 779 1795 omnem
810 1752 1070 1794 bominem
1089 1751 1390 1793 uenientem
1422 1750 1474 1791 in
1494 1748 1630 1790 hunc

124 1822 385 1872 mundum,
427 1823 468 1863 et
506 1820 613 1863 illud
656 1821 765 1875 quod
803 1820 1005 1874 propheta
1045 1820 1121 1861 sub
1162 1821 1423 1873 peccatorum
1458 1829 1630 1871 persona

262 1962 307 1997 22
331 1962 454 1998 Ioann.
481 1963 512 2004 1,
538 1961 559 1996 9

198 2094 215 2128 1
248 2092 389 2128 etiamsi
423 2092 457 2127 G
588 2091 611 2125 2
634 2092 753 2136 posset
782 2089 856 2133 GS,
899 2087 1011 2133 possit
1035 2087 1113 2122 rell.
1245 2085 1267 2120 3
1291 2085 1441 2119 maxime
1465 2084 1542 2120 HR

126 2152 150 2187 4
173 2151 218 2186 ab
242 2151 337 2195 aere]
361 2149 490 2184 habere
514 2149 551 2183 A
690 2148 710 2182 6
734 2157 859 2192 porsus
886 2146 917 2181 8
1039 2145 1177 2180 accidat
1200 2143 1353 2186 E’GM,
1393 2142 1534 2177 accedat
1557 2141 1634 2176 rell.

128 2220 209 2244 cum
241 2208 314 2243 PT
458 2207 477 2241 7
511 2206 717 2251 praespicua
749 2204 962 2250 (prespicua)
995 2201 1261 2238 AB¹GF¹H¹R
1398 2199 1476 2244 igni
1509 2199 1543 2234 G

127 2265 223 2310 igne]
250 2267 305 2300 est
329 2264 415 2300 add.
441 2264 520 2299 Sch.
659 2263 681 2297 9
706 2264 749 2297 ut
771 2262 855 2304 Mb,
897 2261 993 2306 quod
1017 2260 1092 2295 rell.
1117 2263 1151 2294 et
1177 2258 1256 2294 Sch.
1385 2257 1484 2301 nulle
1506 2256 1543 2291 R

129 2323 276 2367 uigeant
299 2322 374 2357 Mb
393 2321 492 2362 Sch.,
532 2321 658 2365 uigent
681 2319 759 2354 rell.
902 2319 945 2352 10
976 2317 1070 2362 ergo]
1097 2318 1138 2351 ut
1162 2315 1247 2351 add.
1275 2315 1307 2349 G·
1444 2322 1573 2356 negare
1597 2313 1634 2345 A

128 2379 218 2415 BF¹
348 2378 487 2423 nequit]
513 2377 642 2422 nequid
666 2376 722 2419 R,
764 2375 858 2420 quod
881 2374 967 2410 aad.
988 2376 1033 2419 122
1059 2373 1136 2408 Sch.
1264 2371 1341 2416 igni
1368 2369 1544 2406 GH¹MR

130 2442 169 2472 ὃὸ
201 2435 334 2480 ΗΜ8,
376 2439 431 2470 est
459 2435 535 2469 rell.
566 2437 599 2469 et
627 2432 705 2468 Sch.
846 2432 889 2466 12
921 2430 1032 2466 oculis
1071 2430 1101 2465 Ο
1237 2428 1281 2462 14
1312 2426 1395 2471 non]
1430 2436 1514 2470 ergo
1547 2424 1631 2459 add.

130 2494 151 2529 b
290 2494 334 2528 15
357 2492 443 2537 quia
467 2492 487 2527 b
625 2500 740 2525 aerem
765 2489 801 2525 R
820 2489 898 2524 Sch.
1040 2487 1082 2522 16
1113 2486 1227 2531 igitur
1259 2494 1326 2519 om.
1357 2480 1549 2517 ABDEF

132 2551 173 2586 17
200 2553 285 2595 post
309 2549 424 2585 cernis
447 2549 718 2592 interpunyunt
741 2543 1043 2581 ABCDEFGH
1172 2541 1271 2577 facili
1297 2540 1332 2576 G
1471 2538 1513 2574 18
1537 2548 1633 2582 prae-

131 2609 230 2643 terea.
260 2617 366 2652 quam
398 2606 490 2641 coni.
523 2604 722 2645 Barthius,
761 2603 899 2648 praeter
930 2601 996 2636 1100
1026 2599 1119 2645 (111οᾶ
1145 2600 1190 2643 1³²
1337 2596 1379 2631 19
1411 2593 1634 2639 augmentari

133 2665 168 2700 Β
333 2664 379 2699 20
404 2673 505 2698 aerea
528 2661 642 2696 ΑΒΕ
657 2660 797 2706 passim
966 2658 1007 2692 21
1035 2656 1167 2691 ididem
1191 2654 1226 2690 R
1393 2651 1437 2687 22
1462 2660 1635 2694 euuange-

132 2723 219 2758 lista
249 2721 279 2756 8

200 2789 266 2825 x1.
1477 2775 1499 2809 4
