1884 2998
616 83 676 118 De
699 85 828 119 statu
851 85 1024 120 animae
1052 86 1071 121 1
1098 87 1151 122 15.
1577 89 1632 132 59

130 208 317 264 angelus,
360 210 402 250 et
441 208 583 251 eodem
625 209 731 252 dono
767 213 940 264 uterque
970 210 1114 253 beatus
1146 213 1222 254 est.
1274 213 1393 256 ambo
1423 214 1467 256 id
1497 214 1634 268 ipsum

130 277 277 320 eadem
318 275 550 329 uoluntate,
594 278 737 319 eodem
777 278 937 320 scilicet
978 279 1127 333 spiritu
1169 280 1350 333 cupiunt,
1398 283 1518 325 ambo
1558 283 1634 326 hoc

130 346 244 387 idem
274 345 511 399 incorporea
546 345 776 399 capacitate
806 345 1056 400 percipiunt,
1089 347 1130 389 et
1156 347 1204 389 fit
1243 349 1379 403 h0m0,
1402 350 1571 404 angelus
1592 352 1633 394 et

133 414 232 456 deus
263 426 372 456 unus
404 413 574 467 spiritus
605 413 721 455 iuxta
742 414 975 467 apostolum
1007 415 1234 458 dicentem:
1267 418 1353 470 qui
1382 418 1635 461 adhaeret

99 482 362 537 5domino‚
402 494 534 524 unus
564 482 787 536 spiritus
823 485 915 526 est.
968 495 1050 525 non
1083 486 1225 527 autem
1256 485 1375 527 uideo
1406 499 1483 540 quo
1515 488 1634 540 pacto

131 564 280 605 corpus
321 553 555 605 incorporeo
597 553 895 605 contemperari
936 553 1068 606 queat,
1112 555 1159 595 ut
1201 566 1307 596 unus
1348 555 1515 608 spiritus
1546 558 1634 598 iure

131 622 307 664 dicatur.
359 622 394 663 si
433 620 544 662 enim
590 632 735 676 corpus
775 623 836 663 est
869 621 1022 673 anima,
1059 622 1337 666 inmutabitur
1369 636 1462 678 ergo
1496 636 1635 678 corpo-

130 702 261 739 reum,
307 690 355 731 ut
398 702 483 732 esse
529 701 625 732 cum
670 690 909 744 incorporeo
951 704 1082 733 unum
1119 693 1262 745 possit,
1313 693 1436 746 atque
1481 691 1541 734 ita
1586 693 1636 734 ad

130 758 253 801 illam
291 759 495 801 rationem
534 760 763 801 necessario
807 759 979 810 reditur,
1028 772 1110 813 qua
1155 761 1440 815 incorporeum
1479 760 1636 814 aliquid

84 842 119 868 ιο
132 828 261 870 creari
304 828 485 881 potuisse
531 828 696 869 dicitur.
747 840 842 870 nam
889 828 925 870 si
968 830 1105 881 potest
1151 828 1310 883 aliquid
1360 841 1407 870 ex
1452 839 1638 882 corporeo

132 896 418 949 incorporeum
447 895 550 948 fieri,
582 896 719 949 potuit
755 900 796 939 et
827 909 875 938 ex
906 897 1035 939 nihilo
1074 898 1215 948 creari,
1249 898 1330 939 nisi
1351 897 1456 939 forte
1478 897 1639 939 dicatur

132 965 397 1008 inmutabilis
428 967 528 1007 deus
560 965 693 1007 ueluti
722 977 1017 1018 corporascere,
1056 968 1103 1007 ut
1134 978 1266 1007 unum
1286 966 1416 1019 possit
1438 977 1524 1007 esse
1546 976 1640 1006 cum

132 1045 315 1088 corpore.
363 1034 434 1077 sed
472 1035 548 1077 hoc
587 1034 843 1088 perditorum
884 1035 1174 1089 quorumpiam
1214 1034 1313 1076 fides
1349 1033 1509 1084 habeat,
1542 1033 1641 1086 quia

133 1102 171 1144 si
209 1103 278 1145 uel
317 1104 464 1158 angelo
506 1104 575 1146 uel
615 1102 775 1145 homini
813 1103 1034 1146 adhaerere
1066 1103 1140 1145 deo
1179 1102 1333 1145 bonum
1370 1104 1446 1151 est,
1478 1113 1560 1143 non
1589 1099 1641 1142 ad

88 1171 363 1214 mercaturam
402 1171 720 1214 deteriorabitur
760 1172 917 1214 creator
947 1170 1312 1224 incommutabilis,
1344 1171 1413 1212 sed
1443 1169 1494 1211 ad
1524 1180 1639 1210 crea-

134 1241 268 1282 torem
299 1240 516 1283 mutabilis
547 1242 736 1283 creatura
766 1240 963 1294 proficiet,
1014 1240 1122 1282 unde
1148 1239 1191 1282 in
1213 1239 1426 1294 euangelio
1449 1238 1641 1280 dominus

134 1307 259 1352 dicit:
300 1310 465 1363 pater,
507 1309 619 1352 sint
658 1310 755 1351 isti
794 1310 846 1351 in
887 1309 1033 1351 nobis
1073 1321 1251 1358 unum,
1294 1308 1433 1350 sicut
1467 1308 1518 1348 et
1549 1318 1641 1348 nos

135 1390 310 1420 sumus
340 1391 510 1420 unum.

842 1523 945 1578 XV.

89 1642 125 1669 20
137 1638 263 1677 QVOD
294 1638 534 1669 CORPOREA
565 1639 712 1670 OMNIA
751 1638 1068 1670 ADIVNCTIONE
1110 1638 1180 1669 SVI
1211 1636 1386 1667 MAIORA
1418 1635 1556 1667 FIANT
1587 1635 1645 1665 ET

135 1707 294 1738 MVLTA
325 1707 453 1746 QVAM
483 1707 649 1747 PAVCA,
681 1706 973 1738 INCORPOREA
1004 1706 1124 1737 VERO
1157 1706 1302 1737 OMNIA
1327 1705 1415 1735 NEC
1436 1703 1643 1735 AVGEAN-

325 1777 415 1807 TVR
444 1777 494 1807 IN
524 1776 704 1816 MVLTIS,
736 1776 825 1806 NEC
861 1775 1134 1806 MINVANTVR
1164 1775 1212 1804 IN
1244 1773 1458 1804 SINGVLIS.

196 1855 285 1898 Nec
324 1868 423 1898 uero
466 1856 578 1898 credi
618 1855 716 1898 licet
757 1867 1011 1909 quorumque
1055 1853 1384 1895 coniunctionem
1430 1863 1643 1905 corporum

139 1925 345 1967 unitatem
366 1923 565 1967 trinitatis
600 1923 758 1966 imitari
789 1926 861 1964 aut
892 1923 1026 1965 eidem
1057 1920 1406 1964 inconfusibiliter
1426 1932 1542 1973 posse
1563 1918 1643 1960 mi-

93 2010 128 2038 25
141 1994 260 2037 sceri.
295 1996 413 2048 patet
445 1994 556 2035 enim
586 1992 744 2046 liquido
777 1991 988 2046 quodlibet
1018 2003 1146 2033 unum
1168 2001 1313 2043 corpus
1334 1989 1443 2043 paris
1465 1987 1645 2041 corporis

278 2117 302 2152 4
333 2117 352 2153 I
377 2117 455 2153 Cor.
480 2117 512 2159 6,
540 2116 582 2151 17
723 2116 765 2151 17
798 2116 920 2151 Ioann.
948 2115 1001 2156 17,
1027 2114 1070 2148 22

213 2232 230 2266 1
266 2231 356 2267 dono
387 2231 480 2274 Mb,
521 2231 615 2267 bono
647 2231 723 2267 rell.
869 2230 891 2264 2
926 2229 1068 2263 eandem
1101 2227 1194 2262 ΑΗι
1340 2225 1484 2270 capiunt
1510 2224 1555 2267 12²

142 2289 164 2324 5
196 2289 259 2324 deo
292 2288 450 2324 editores
589 2289 608 2323 7
642 2288 672 2323 si
698 2287 806 2331 enim]
838 2287 894 2321 sin
921 2288 964 2331 1³²
1103 2284 1313 2330 corporeum]
1341 2284 1377 2318 in
1403 2282 1645 2325 incorporeum

146 2346 182 2382 G·
308 2346 329 2381 9
354 2346 439 2392 quia
469 2345 637 2388 CGMR,
676 2344 768 2389 quod
794 2344 814 2378 b
940 2342 1076 2387 aliquid
1100 2341 1189 2383 Mb,
1226 2351 1292 2376 om.
1317 2340 1394 2374 rell.
1420 2341 1451 2373 et
1476 2337 1554 2372 Βοὴ.

145 2403 187 2438 11
225 2403 429 2448 incorporeo
467 2402 572 2437 B²H¹
734 2403 771 2436 et
807 2411 873 2436 om.
911 2400 984 2435 Mb
1162 2398 1205 2432 12
1240 2394 1542 2432 incommutabilis
1580 2393 1650 2428 PT

145 2460 227 2497 sch.
367 2460 493 2505 ueluti]
532 2465 550 2494 ὂ
587 2458 671 2494 add.
711 2459 762 2500 G,
802 2458 920 2492 uoluit
955 2457 992 2491 A
1130 2456 1172 2490 13
1209 2453 1308 2499 quasi
1344 2453 1380 2487 B
1521 2450 1562 2484 14
1587 2449 1646 2484 do-

144 2528 232 2552 num
269 2518 361 2553 coni.
398 2517 581 2552 Barthius
750 2516 794 2551 15
830 2513 1055 2549 inmutabilis
1091 2512 1163 2547 Mb
1331 2510 1373 2544 16
1409 2508 1571 2554 proficiat
1606 2507 1651 2541 H

146 2586 226 2622 128¹
352 2577 527 2630 euuangio
554 2585 585 2619 S
709 2584 753 2619 23
778 2583 878 2617 credo
903 2583 956 2624 A,
996 2592 1061 2616 om.
1087 2579 1197 2615 HLS
1318 2577 1566 2612 coniunccione
1590 2575 1646 2616 M,

146 2643 397 2679 coniunctione
422 2643 442 2678 b
462 2642 643 2678 Barthius
759 2640 804 2675 24
828 2639 967 2674 initiari
993 2638 1083 2673 coni.
1108 2636 1285 2671 Barthius
1402 2633 1493 2668 idem
1512 2634 1555 2676 1³²

146 2701 192 2736 25
216 2702 295 2746 pari
321 2702 356 2737 G
