1884 2998
260 139 317 183 62
777 137 1023 174 Claudiani
1047 137 1258 173 Mamerti

263 276 355 307 mae
387 275 532 318 corpus
567 264 641 318 est,
672 263 777 318 ipsa,
809 265 857 305 ut
888 265 1010 305 datur
1041 262 1245 318 intellegi,
1282 275 1363 306 non
1385 266 1450 306 661
1470 275 1628 319 corpus.
1675 269 1770 319 post

260 332 358 375 hinc
398 331 547 374 itidem
589 332 816 375 consultori
857 344 930 374 suo
967 331 1028 373 sic
1057 332 1263 385 loquitur:
1295 331 1463 374 obicis
1493 333 1625 375 mihi
1654 334 1770 377 ideo

263 401 486 444 animam
526 412 623 443 non
662 412 771 443 esse
810 412 1127 454 corpoream,
1176 400 1298 454 quia
1335 413 1427 442 nec
1467 402 1662 444 localis
1700 405 1771 445 sit

261 481 358 513 1166
390 469 661 525 qualitate
692 470 779 511 aut
810 469 1116 522 quantitate
1147 469 1430 511 subsistat:
1462 471 1592 523 quod
1615 471 1769 514 cuius

260 538 488 592 periculi
519 538 592 579 sit
622 538 700 579 ita
732 538 964 589 credere,
996 536 1051 578 in
1084 537 1542 590 consequentibus
1563 538 1767 582 demon-
1801 560 1817 585 5

261 606 572 649 strabimus.
623 618 760 648 nunc
790 617 910 648 uero
941 607 989 648 in
1020 605 1406 649 hoctractatus
1428 607 1769 650 nostristatu
1842 597 1844 599 ’

260 674 450 718 habita
486 675 827 718 discussione
865 674 1138 728 pendebit,
1178 676 1234 716 ut
1268 675 1314 717 si
1345 687 1439 717 nec
1469 675 1663 718 localis
1695 677 1769 718 sit

259 757 351 786 nec
390 743 695 798 quantitati
733 744 1035 795 subiace-at,
1073 755 1184 786 esse
1216 757 1323 786 eam
1353 744 1570 787 indubie
1601 744 1769 786 incor-

259 825 467 868 poream
519 813 714 855 credas.
775 813 817 854 si
873 825 995 855 uero
1057 825 1167 855 eam
1217 813 1769 855 demonstrauerimus

261 882 567 936 quantitate
625 881 976 924 determinari
1035 881 1219 924 1060116
1270 881 1542 938 concludi,
1594 893 1817 925 conse-10

260 952 480 1004 quenter
510 962 618 992 eam
650 951 811 993 etiam
843 961 1057 1004 corpore
1088 951 1352 993 contineri
1391 963 1482 993 nec
1522 950 1634 1004 ipse
1669 951 1770 993 iam

260 1020 487 1062 dubites.
540 1019 697 1062 statum
728 1032 875 1074 nempe
914 1020 1120 1062 tractatus
1155 1019 1219 1062 tui
1248 1019 1293 1061 in
1323 1019 1491 1062 articuli
1521 1018 1640 1061 istius
1672 1031 1768 1061 con-

260 1087 425 1130 dicione
470 1088 660 1143 posuisti,
700 1090 749 1130 ut
787 1089 822 1130 si
858 1088 1003 1131 localis
1044 1091 1085 1131 61
1121 1088 1350 1143 quantitati
1380 1089 1599 1131 subiacens
1633 1089 1771 1130 anima

258 1157 424 1210 probari
464 1157 606 1211 possit,
647 1159 943 1210 consequenter
974 1157 1098 1199 etiam
1131 1169 1322 1211 corporea
1353 1157 1601 1209 crederetur,
1644 1169 1770 1210 quam

258 1226 401 1267 tamen
440 1226 564 1280 paulo
604 1227 697 1280 post
727 1226 838 1267 intra
867 1226 1044 1279 pectoris
1075 1225 1288 1269 officinam
1317 1226 1542 1268 uarietates
1576 1225 1817 1280 cogitati-15

259 1306 385 1337 onum
415 1307 583 1337 suarum
613 1294 769 1348 fingere
801 1294 843 1337 61
878 1297 1017 1337 11101116
1048 1295 1205 1349 agitare
1235 1295 1494 1350 pronuntias.

939 1487 1091 1542 XVII.

329 1614 390 1646 DE
421 1615 529 1647 VITA
560 1616 686 1655 QVOD
718 1615 865 1645 ANIMA
905 1615 1216 1646 INLOCALITER
1245 1614 1479 1646 VIVIFICET
1511 1591 1697 1645 CORPVS.

317 1707 378 1750 Ac
421 1709 604 1762 primum
641 1720 789 1762 quaeso
820 1707 1079 1762 respondem,
1120 1707 1213 1761 ipsa
1243 1708 1383 1749 anima
1413 1717 1490 1761 quo
1520 1708 1564 1748 in
1595 1706 1682 1749 1060
1715 1706 1770 1748 611

259 1778 458 1831 corporis:
481 1777 526 1819 in
547 1777 634 1818 toto
653 1778 716 1819 est
733 1790 785 1819 an
801 1776 846 1819 111
862 1777 1011 1831 parte?
1033 1776 1133 1835 siin
1154 1778 1272 1830 parte
1295 1776 1370 1825 est,
1393 1788 1515 1830 quem
1531 1775 1583 1817 ad
1599 1776 1768 1817 modum
1782 1797 1816 1823 20

257 1846 497 1887 uniuersum
538 1845 692 1899 ubique
731 1857 880 1899 corpus
921 1846 1063 1887 mouet
1104 1847 1230 1899 atque
1268 1844 1507 1887 sentificat?
1539 1844 1574 1885 si
1606 1844 1647 1885 in
1681 1844 1768 1885 toto

257 1915 332 1966 est,
365 1927 443 1968 quo
474 1914 595 1956 modo
626 1914 737 1956 intra
768 1914 896 1956 solius
926 1914 1106 1968 pectoris
1137 1913 1348 1956 officinam
1379 1912 1652 1967 cogitationes
1675 1925 1768 1954 suas

256 1983 378 2038 fingit
424 1985 465 2025 et
510 1985 648 2025 motus
695 1981 888 2025 exercet?
934 1995 987 2025 an
1025 1982 1203 2025 forsitan
1245 1995 1327 2024 non
1367 1982 1502 2023 solum
1532 1981 1576 2022 in
1606 1981 1769 2035 pectore

257 2053 333 2104 est,
367 2052 437 2094 sed
467 2052 595 2094 etiam
626 2052 669 2093 in
702 2051 850 2106 capite,
891 2064 965 2094 1166
995 2052 1039 2093 111
1072 2051 1205 2106 capite
1234 2053 1416 2106 tantum,
1447 2050 1517 2092 sed
1549 2051 1593 2092 in
1623 2049 1769 2103 planta

393 2185 415 2219 2
441 2185 486 2220 cf.
512 2196 593 2229 pag.
621 2185 673 2228 10,
701 2186 743 2221 12

327 2311 343 2345 1
377 2312 459 2356 post
484 2311 578 2346 hunc
610 2312 663 2355 R,
703 2313 786 2357 post
817 2312 945 2347 omisso
970 2311 1053 2347 hinc
1085 2312 1160 2347 Mb
1299 2311 1320 2346 2
1350 2311 1570 2346 consultorio
1601 2310 1766 2354 BDEF,

255 2368 491 2404 consultatori
518 2368 553 2403 G
689 2369 712 2403 4
736 2369 836 2403 cuius
861 2369 960 2404 modi
984 2369 1004 2404 b
1143 2369 1164 2404 5
1197 2369 1251 2404 ita
1276 2379 1343 2405 om,
1373 2367 1547 2404 Galland.
1686 2367 1769 2403 sub-

254 2416 490 2470 sequentibus
527 2425 664 2472 legitur
699 2427 803 2470 apud
837 2426 1022 2462 Faustum
1169 2425 1475 2461 demonstrabitur
1510 2425 1677 2461 Faustus

255 2482 276 2517 6
313 2482 378 2516 hac
415 2482 451 2518 R
591 2483 709 2518 status
746 2483 816 2519 RS
829 2483 909 2519 Sch.
1048 2484 1070 2519 8
1101 2484 1308 2529 quantitate
1340 2483 1392 2520 13¹
1531 2483 1628 2519 haud
1661 2483 1767 2518 dubie

256 2550 422 2585 Faustus
554 2551 575 2586 9
600 2551 688 2596 eam]
716 2552 788 2586 iam
815 2551 849 2587 G
979 2552 1018 2587 11
1045 2551 1114 2596 ipsi
1138 2553 1175 2587 A
1305 2551 1348 2587 12
1371 2551 1490 2596 istius]
1517 2551 1573 2586 tui
1598 2551 1678 2587 128²

256 2629 299 2665 13
324 2612 485 2665 subiacens
510 2632 546 2667 R
687 2632 730 2667 14
754 2643 844 2668 num
867 2633 986 2677 posset
1011 2632 1274 2668 scribendam?
1412 2633 1457 2667 15
1488 2631 1645 2667 officium
1673 2633 1768 2667 BD¹

254 2697 365 2733 EFP
493 2699 536 2734 16
560 2699 718 2744 fringere
746 2700 780 2736 G
912 2701 954 2735 19
978 2701 1044 2736 hac
1068 2701 1145 2737 HR
1272 2701 1311 2735 in
1335 2711 1404 2746 quo
1429 2700 1499 2736 Mb
1626 2700 1670 2735 21
1696 2711 1768 2736 mo-

254 2757 336 2791 ueat
356 2766 385 2800 p
526 2757 728 2793 sanctificat
752 2758 789 2795 R
927 2759 972 2794 23
997 2769 1137 2803 corpore
1161 2758 1198 2794 R
