1884 2998
630 104 689 139 De
712 105 840 139 statu
864 105 1036 140 animae
1068 106 1107 141 II
1131 106 1162 141 3.
1569 108 1649 150 107

146 230 267 272 uinus
298 241 457 284 quoque
487 230 617 272 temet
647 242 781 271 sermo
809 230 1087 272 commoueat:
1119 232 1359 284 oportere
1390 233 1537 286 prius
1568 234 1649 275 de-

146 300 265 352 poni
315 298 520 340 trabem
578 299 862 352 propriam,
912 300 969 340 ut
1018 299 1190 351 possit
1248 299 1480 342 alienam
1537 301 1649 355 quis

147 366 355 409 auferre
385 367 670 409 festucam.
720 367 890 420 proinde
922 367 1021 420 quia
1050 379 1131 409 non
1162 367 1331 410 lacessis
1362 369 1481 422 quasi
1502 370 1649 414 dubios

144 436 304 489 praelii,
336 437 407 477 sed
439 435 629 489 percellis
661 435 822 488 quietos
853 447 1046 477 mucrone
1075 435 1253 478 conuicii
1289 437 1331 478 et
1352 439 1512 480 cunctis
1534 451 1648 481 crea-

115 507 263 546 5turae
306 504 497 557 partibus
543 515 783 546 mensuram
828 504 987 557 pondus
1037 506 1077 546 et
1124 517 1344 546 numerum
1390 505 1523 548 indita
1562 519 1648 550 esse

145 572 297 627 dixisti,
330 572 523 627 quoniam
554 573 655 614 haec
687 572 812 613 simul
842 572 1033 614 omnibus
1066 573 1225 615 constat
1250 573 1385 615 inesse
1406 575 1647 627 corporibus

144 642 185 682 et
215 641 397 683 animam
428 654 571 695 corpus
603 653 692 682 esse
727 641 924 691 decerniS,
965 653 1069 694 quae
1101 641 1222 683 huius
1254 654 1447 683 mensura
1478 645 1545 692 sit,
1578 644 1649 697 qui

144 722 351 764 numerus,
399 711 506 764 quod
546 709 707 762 pondus
746 709 922 763 inquiro.
974 710 1010 751 si
1041 711 1210 752 modum
1240 711 1455 765 uegetanti
1485 713 1647 754 animae

143 779 324 820 uiuentis
363 778 540 832 corporis
586 778 731 819 modus
770 777 883 828 facit,
931 779 1027 831 quia
1066 789 1211 831 corpus
1257 779 1482 821 extrarium
1530 781 1649 833 quasi

98 859 216 890 muas
256 847 422 900 aliquod
460 846 643 888 animam
682 846 814 888 ueluti
852 846 992 889 minus
1034 847 1242 900 quoddam
1272 860 1417 901 corpus
1456 848 1646 899 includit,

144 927 241 970 ergo
273 915 449 968 animae,
482 918 529 956 ut
560 918 607 956 tu
639 916 711 964 aie,
744 915 955 968 quantitas
986 928 1059 969 pro
1090 916 1272 970 corporis
1294 916 1530 970 quantitate
1551 930 1648 960 cen-

143 985 267 1026 senda
297 986 369 1026 est.

200 1053 233 1096 Ο
264 1052 300 1094 si
332 1052 438 1094 mihi
469 1052 518 1093 de
549 1052 613 1094 his
644 1052 758 1105 loqui
797 1054 934 1094 tecum
978 1053 1210 1095 comminus
1247 1054 1468 1108 palamque
1500 1067 1648 1108 proue-

142 1122 264 1173 niret,
296 1121 528 1163 liberaliter
559 1120 758 1162 uidelicet
794 1133 975 1174 agerem,
1015 1121 1216 1164 nonnulla
1246 1123 1324 1165 tibi
1356 1123 1406 1164 de
1435 1135 1526 1164 meo
1558 1123 1648 1165 iure

96 1191 408 1233 15concederem
458 1202 590 1243 neque
635 1191 822 1243 protinus
852 1191 902 1232 de
933 1190 1098 1232 homine
1138 1203 1390 1245 quaererem,
1431 1193 1501 1234 sed
1532 1192 1646 1245 prius

143 1261 327 1313 precario
359 1271 587 1314 poscerem,
620 1261 668 1301 ut
693 1272 831 1301 rerum
854 1260 1008 1301 callens
1031 1260 1217 1302 euidenti
1239 1260 1415 1302 faterere
1438 1272 1647 1315 responso,

141 1328 337 1371 formicae
379 1330 419 1370 et
458 1328 604 1370 cameli
644 1329 802 1371 animas
847 1330 1088 1370 utrumnam
1132 1328 1396 1382 prouidentia
1443 1341 1494 1371 an
1533 1329 1644 1371 mole

142 1398 357 1439 censeres?
399 1397 435 1438 si
475 1397 750 1450 prouidentia,
793 1398 882 1438 luce
918 1397 1117 1450 liquidius
1156 1398 1265 1439 esset
1303 1398 1466 1440 animae
1497 1398 1647 1440 cameli

141 1466 202 1508 sic
234 1467 414 1508 animam
444 1468 650 1519 praestare
682 1465 891 1515 formicae,
924 1468 970 1506 ut
1002 1466 1185 1508 camelus
1217 1466 1334 1508 tanto
1360 1479 1487 1520 paene
1510 1466 1646 1509 minor

95 1535 335 1578 2oformicae
367 1535 423 1577 sit
453 1535 605 1586 animo,
646 1537 800 1588 quanto
833 1534 964 1577 maior
1007 1535 1072 1576 est
1103 1546 1283 1588 corpore.
1336 1534 1373 1576 si
1404 1535 1534 1576 moles
1566 1535 1646 1577 tibi

140 1605 183 1647 in
213 1604 337 1646 istius
368 1604 479 1646 modi
501 1603 790 1657 conparatione
811 1602 1046 1657 placuisset,
1070 1605 1212 1645 eadem
1231 1615 1379 1656 nempe
1400 1603 1646 1657 replicarem

140 1676 182 1716 et
212 1674 341 1716 nihilo
372 1673 501 1715 setius
534 1685 786 1726 quaererem,
828 1673 863 1713 si
893 1673 1040 1714 modus
1071 1672 1235 1714 animae
1275 1673 1455 1726 corporis
1499 1674 1645 1714 modus

140 1745 214 1797 est,
258 1755 330 1785 cur
372 1742 486 1784 infra
525 1741 703 1796 corporis
748 1742 918 1783 modum
958 1742 1137 1783 camelus
1183 1741 1397 1783 brutescat
1438 1743 1480 1783 et
1525 1753 1648 1795 supra

140 1812 318 1866 corporis
363 1811 531 1853 modum
583 1811 756 1852 formica
800 1810 976 1865 uigeat?
1021 1810 1219 1852 sisterent
1269 1811 1396 1853 uerba
1442 1809 1643 1860 fortassis,

95 1892 271 1934 25quae
314 1881 430 1921 tuto
478 1879 581 1921 tibi
622 1891 810 1934 magna
847 1878 1043 1921 uolant.
1095 1880 1177 1920 ista
1214 1879 1318 1921 haec
1359 1878 1448 1932 ipsa
1486 1877 1644 1933 duplici

142 1952 253 1992 sorte
282 1961 569 2003 proponerem,
601 1948 737 1990 utrius
769 1948 915 1990 malles
948 1948 1025 1990 tibi
1057 1947 1217 2001 copiam
1247 1947 1440 1990 facerem.
1490 1946 1526 1988 si
1556 1958 1643 1988 mo·

277 2074 298 2108 1
323 2074 366 2108 cf.
384 2073 515 2108 Matth.
542 2073 573 2115 7,
598 2073 728 2118 3sqq.;
765 2072 850 2111 Luc.
874 2073 907 2115 6,
931 2072 1018 2117 4sq.
1117 2071 1163 2106 25
1187 2071 1294 2117 Verg.
1319 2072 1406 2106 Aen.
1432 2070 1485 2106 XI
1509 2069 1574 2105 381

211 2187 229 2220 1
256 2189 475 2222 commoneat
499 2185 762 2221 EF¹HLRSb
899 2185 921 2220 8
954 2184 1135 2229 uegitanti
1165 2184 1203 2220 R
1340 2185 1383 2218 11
1415 2185 1493 2219 tute
1520 2184 1555 2219 G

141 2245 182 2278 tu
206 2243 271 2288 ais]
297 2245 362 2277 tua
386 2243 443 2277 his
468 2243 505 2278 R
619 2242 697 2277 ahis
723 2241 817 2277 BH¹
941 2241 984 2276 14
1008 2251 1112 2286 agere
1135 2240 1289 2278 ABDF
1406 2241 1506 2275 nulla
1526 2251 1554 2284 p

141 2300 187 2334 15
216 2300 317 2345 prius
349 2311 416 2336 om.
448 2300 478 2335 S
615 2300 658 2334 16
691 2300 806 2334 fatere
836 2299 958 2341 BRS,
998 2299 1111 2334 fatere
1135 2309 1210 2333 rem
1234 2299 1298 2341 M,
1339 2298 1489 2333 faterem
1514 2307 1587 2331 rem
1612 2296 1643 2337 b,

140 2358 271 2393 faterer
295 2369 369 2393 rem
388 2369 418 2403 p
545 2358 724 2402 responsio
749 2358 785 2392 B
916 2358 959 2392 18
983 2358 1028 2403 Sl]
1055 2356 1117 2392 sed
1144 2357 1179 2392 G
1307 2356 1350 2390 19
1375 2354 1645 2389 ut-formicae

141 2425 206 2451 om.
232 2415 275 2451 0¹
413 2416 459 2451 2Ο
491 2416 596 2450 molis
627 2414 933 2450 ABGG¹H¹MR
1071 2414 1115 2448 21
1148 2412 1444 2457 comparationem
1475 2410 1553 2446 HR

141 2495 285 2530 eandem
309 2496 577 2538 ABDEOEM,
618 2477 717 2529 e⁸dem
749 2495 778 2530 S
948 2494 1118 2539 replicare
1148 2492 1291 2528 ABcR
1463 2490 1508 2526 22
1540 2490 1644 2525 eitius

140 2551 234 2596 HR,
276 2553 383 2588 sicius
419 2554 482 2596 M,
523 2554 636 2588 serius
674 2553 727 2595 E,
766 2551 863 2586 ocius
896 2551 932 2585 B
1071 2560 1236 2595 quaerere
1272 2548 1345 2582 AB
1482 2547 1528 2581 23
1559 2557 1644 2581 cuur

141 2608 176 2643 L
198 2609 345 2654 saepius
482 2607 841 2644 camelus—modum
877 2618 945 2642 om.
981 2607 1010 2643 G
1158 2605 1204 2639 24
1238 2604 1405 2648 uigeatur
1440 2603 1475 2638 R
1612 2603 1643 2636 si

141 2667 280 2701 starent
303 2666 421 2710 LPS,
464 2667 513 2701 sic
538 2668 676 2701 starent
700 2665 795 2701 coni.
821 2664 899 2700 sch.
1041 2663 1087 2698 25
1111 2662 1267 2706 duplicia
1290 2662 1330 2706 p²
1475 2660 1520 2694 26
1545 2660 1641 2693 sotto

142 2723 195 2765 A,
235 2722 327 2758 forte
348 2725 392 2768 μ’
529 2724 643 2758 facere
667 2722 702 2757 B
