1884 2998
1504 104 1636 134 XVIIII

142 209 331 262 conponi.
355 233 408 239 —
430 207 498 259 54,
531 209 557 250 3
587 220 758 249 rursum
787 209 836 249 in
872 209 945 261 (M,
977 222 1025 250 ex
1054 211 1161 263 rell.)
1206 214 1505 264 conparatione
1532 227 1633 266 yra-

142 279 244 320 olum
273 277 437 330 faciens
467 276 738 329 interpolator
768 278 853 318 sine
886 277 1008 318 dubio
1038 290 1100 328 ex,
1139 280 1244 331 quod
1275 280 1352 321 hoc
1381 281 1467 323 loco
1497 280 1634 324 minus

141 348 285 399 aptum
316 345 382 386 uel
415 346 520 387 certe
550 345 687 386 minus
719 346 919 386 usitatum
950 345 1176 396 uideretur,
1209 348 1249 388 111
1281 347 1328 387 in
1352 350 1546 391 mutauit.
1581 374 1633 381 ——

140 414 208 463 56,
241 415 266 456 9
296 413 447 454 anima
484 425 589 465 quae
630 413 798 464 corpori
834 413 940 453 iuste
970 413 1203 465 dominata,
1243 428 1348 466 quae
1378 417 1539 458 domino
1563 419 1635 469 pie

139 483 323 534 iusteque
366 481 441 534 (M,
481 492 560 522 om.
603 480 712 535 rell.)
750 480 964 533 famulata
1003 484 1080 524 est:
1124 495 1203 524 non
1233 484 1366 536 potest
1397 485 1532 526 anima
1561 488 1633 527 deo

141 552 248 592 iuste
293 549 504 598 famulari,
553 561 648 590 nam
695 549 854 590 iustum
893 562 980 591 esse
1025 552 1086 591 est
1134 550 1303 601 domini,
1349 564 1429 593 non
1475 554 1631 602 famuli,

142 630 266 672 quam
297 618 346 659 ob
378 630 465 658 rem
495 617 682 669 iusteque
713 629 759 658 ex
790 617 899 658 linea
935 618 1203 659 antecedente
1241 618 1322 660 huc
1352 620 1516 662 illatum
1548 634 1634 663 esse

139 687 249 729 omni
282 686 542 727 dubitatione
575 686 706 726 maius
739 687 816 726 est.
839 708 894 714 —
916 686 983 735 57,
1006 686 1062 727 20
1082 686 1236 738 duplex
1256 699 1348 740 erqo
1369 690 1426 729 cst
1445 689 1634 742 anyelica

138 755 265 796 sicuti
294 757 352 795 cst
381 753 569 794 humana
601 753 861 793 substantia:
910 756 966 794 cst
1006 755 1097 807 post
1126 767 1217 808 eryo
1248 756 1417 807 praebet
1447 757 1557 798 solus
1589 757 1634 799 M

137 835 267 875 neque
297 822 407 863 idem
430 822 678 863 uocabulum
698 822 739 862 in
762 823 902 864 eodem
925 823 1134 864 enuntiato
1155 824 1217 864 bis
1239 824 1416 876 positum
1438 825 1631 878 languere

137 890 280 944 negari
311 892 459 943 potest.
513 892 582 931 sed
614 892 673 930 cst
702 889 836 942 priore
867 891 954 931 loco
1002 902 1094 931 cum
1139 890 1184 931 M
1234 904 1322 933 esse
1371 893 1633 934 retinendum

138 961 179 1001 et
209 960 346 1012 potius
378 958 604 1011 posteriore
636 958 722 1000 loco
756 958 975 999 delendum
1006 970 1233 1009 censemus,
1271 960 1318 1001 ut
1350 960 1455 1001 hanc
1485 963 1630 1014 genui-

137 1040 235 1069 nam
282 1040 368 1069 esse
417 1027 637 1068 lectionem
685 1027 937 1068 statuamus:
988 1026 1144 1079 duplex
1194 1040 1287 1081 erqo
1338 1030 1396 1069 est
1441 1029 1631 1082 amyclica

137 1095 263 1137 sicuti
292 1095 482 1136 humana
528 1094 778 1136 substantia.
807 1119 852 1124 —-
886 1095 953 1146 60,
989 1096 1010 1136 7
1043 1095 1178 1136 locum
1223 1108 1269 1137 ex
1308 1097 1384 1137 act.
1425 1099 1552 1150 apost.
1590 1098 1629 1142 4.

137 1165 191 1206 32
230 1164 288 1205 sic
328 1163 490 1205 exhibet
521 1163 584 1204 M:
631 1175 742 1204 unus
773 1163 1031 1204 credentium
1061 1176 1250 1216 unusque
1279 1164 1511 1206 nolentium
1540 1168 1630 1207 crat

133 1233 305 1274 animus
335 1235 372 1273 ot
392 1244 459 1273 cor
478 1245 625 1282 unum,
648 1231 760 1273 rell.:
786 1245 920 1272 unum
941 1232 1196 1273 credentium
1216 1246 1428 1285 unumque
1449 1233 1627 1274 uolenti-

133 1315 205 1342 um
250 1303 342 1342 crat
378 1301 527 1342 anima
559 1303 594 1341 ct
633 1313 702 1341 cor
740 1314 885 1352 unum,
936 1313 1030 1342 cum
1073 1300 1115 1342 in
1153 1301 1331 1343 editione
1370 1302 1539 1356 uulgata
1574 1303 1630 1344 sic

134 1370 317 1424 legatur:
363 1369 656 1411 multitudinis
700 1371 838 1410 autem
883 1369 1138 1410 credentium
1178 1372 1270 1411 crat
1305 1383 1374 1411 cor
1419 1383 1553 1411 unum
1592 1373 1631 1412 ct

133 1438 282 1479 anima
313 1451 413 1479 una.
465 1440 631 1491 propter
661 1450 805 1479 uocem
826 1449 893 1479 cor
914 1450 996 1480 non
1016 1438 1199 1487 animus,
1223 1438 1294 1479 sed
1316 1438 1467 1479 anima
1487 1441 1628 1480 dicen-

132 1509 231 1550 dum
262 1519 348 1549 esse
382 1509 553 1557 constat,
587 1507 630 1547 id
661 1507 768 1559 quod
800 1507 926 1548 etiam
949 1507 1151 1559 scriptura
1173 1507 1368 1560 uulgatae
1391 1510 1627 1560 comproba-

133 1577 212 1616 tur.
267 1587 369 1629 quae
401 1588 496 1617 cum
527 1576 588 1617 ita
619 1576 713 1626 sint,
762 1575 868 1617 falsa
899 1575 963 1616 est
993 1576 1114 1617 lectio
1147 1576 1295 1617 codicis
1325 1575 1381 1626 M,
1429 1576 1544 1618 cuius
1575 1576 1626 1618 li-

134 1644 297 1686 brarius
318 1645 426 1685 male
449 1644 593 1685 doctus
615 1643 794 1685 offensus
817 1644 877 1684 est
898 1643 943 1684 in
961 1655 1019 1697 eo,
1043 1644 1150 1696 quod
1167 1644 1450 1696 praedicatum
1467 1645 1626 1698 generis

130 1713 269 1755 neutri
305 1712 565 1754 referendum
605 1715 714 1754 esset
754 1713 804 1754 ad
850 1713 1081 1754 subiectum
1112 1713 1272 1766 generis
1304 1712 1505 1755 feminini.
1555 1713 1625 1755 sed

131 1783 215 1824 eius
247 1782 359 1823 modi
391 1782 577 1835 exempla
608 1795 653 1823 ex
683 1783 770 1835 ipso
801 1781 1029 1823 Claudiano
1059 1782 1195 1834 petere
1228 1782 1389 1834 poterat
1412 1782 1622 1833 nonnulla,

128 1850 181 1892 cf.
213 1851 338 1892 indic.
369 1850 449 1892 III.
485 1876 532 1881 -
559 1850 626 1898 63,
670 1850 854 1891 ll'nam
885 1852 922 1891 ct
951 1863 1045 1891 cum
1076 1849 1231 1901 flamus
1262 1852 1300 1890 et
1331 1849 1402 1901 (M,
1435 1863 1484 1891 ac
1514 1852 1619 1903 rell.)

126 1917 333 1970 reflamus,
365 1919 603 1970 particulas
634 1920 723 1960 cius
743 1918 966 1960 haurimus
995 1921 1034 1960 et
1062 1918 1296 1960 reddimus:
1329 1918 1432 1959 illud
1463 1922 1498 1959 ct
1528 1921 1623 1961 ante

127 1999 222 2028 cum
239 1988 335 2029 dam
367 1987 599 2040 antiquitus
630 1988 739 2029 male
778 1988 1040 2029 intellectum
1071 1990 1145 2037 est,
1185 1987 1293 2028 unde
1322 1987 1476 2041 partim
1505 1999 1620 2040 pror-

126 2068 195 2097 sus
239 2057 353 2098 abest
401 2056 445 2098 in
497 2056 615 2098 libris
657 2055 1154 2115 ABDEFS¹,·partim
1201 2068 1373 2109 sequens
1413 2069 1462 2096 ac
1500 2056 1544 2096 in
1585 2058 1623 2097 et

126 2124 335 2166 mutatum
368 2126 429 2167 est
462 2125 522 2177 (in
543 2125 617 2175 M).
657 2125 727 2166 sed
759 2138 806 2166 ac
838 2137 918 2166 non
940 2136 1024 2166 esse
1046 2126 1331 2177 temptandum
1354 2124 1447 2165 inde
1469 2124 1616 2174 elucet,

128 2193 234 2246 quod
262 2193 419 2244 flamus
449 2206 498 2234 ac
528 2192 728 2245 reflamus
765 2194 852 2234 arte
885 2193 1070 2235 cohaeret
1092 2196 1133 2234 et
1155 2192 1260 2233 nihil
1281 2193 1392 2234 aliud
1414 2192 1621 2245 significat

126 2273 173 2302 ac
202 2261 403 2313 spiritum
433 2261 578 2303 ducere
608 2262 677 2303 1161
706 2262 843 2314 potius
874 2261 1098 2313 respirare,
1134 2263 1171 2301 ct
1202 2261 1343 2302 autem
1374 2260 1618 2302 antecedens

125 2328 234 2370 idem
274 2330 388 2371 ualet
429 2331 551 2383 atque
583 2329 721 2370 ctiam.
744 2354 799 2359 -——
821 2330 887 2380 65,
920 2330 946 2371 9
976 2328 1102 2369 huius
1132 2328 1244 2370 modi
1275 2330 1412 2368 autem
1443 2327 1618 2368 motibus

126 2396 294 2438 animae
320 2397 396 2452 (M,
430 2398 579 2439 anima
599 2398 708 2451 rell.)
743 2411 829 2439 non
860 2397 1142 2439 communicat
1168 2399 1330 2448 corpus*
1352 2396 1424 2448 (M,
1457 2408 1604 2448 corpor

124 2464 246 2518 rell),
279 2465 428 2518 quibus
458 2466 614 2507 inmoto
643 2465 925 2507 nihilominus
956 2477 1121 2518 corpore
1151 2466 1358 2505 mouetur:
1392 2463 1542 2505 codicis
1573 2463 1618 2504 M

125 2532 374 2586 scripturam
416 2534 628 2588 amplexus
669 2547 773 2583 sum,
814 2534 921 2587 quod
958 2532 1185 2587 simplicior
1226 2534 1266 2573 et
1306 2531 1412 2572 hanc
1450 2532 1499 2572 ob
1529 2544 1614 2572 rem

124 2601 258 2655 magis
279 2603 460 2656 genuina
480 2602 711 2644 uidebatur.
750 2614 857 2644 nunc
889 2603 1028 2643 autem
1050 2603 1259 2654 perspecta
1279 2599 1365 2641 eius
1390 2600 1614 2641 lectionum

123 2670 310 2722 quaesita
341 2671 383 2712 et
413 2671 554 2713 fucata
584 2670 848 2724 simplicitate
878 2670 928 2711 ad
959 2669 1136 2722 reliquos
1176 2667 1334 2710 codices
1371 2666 1611 2720 refugimus,

1431 2754 1480 2788 b*
