1884 2998
270 115 324 158 16
823 111 985 147 Faus-ti
1009 112 1222 148 Reiensis

270 251 530 293 quacumque
561 252 608 281 ex
639 238 852 281 accedenti
883 239 1113 281 adiectione
1143 238 1340 282 uertitur.
1392 239 1460 281 hic
1491 251 1588 295 ergo
1618 239 1776 282 dudum

266 307 573 363 primogenitus
602 309 860 363 angelorum,
891 319 999 349 nunc
1029 308 1221 363 princeps
1251 307 1387 350 factus
1419 309 1482 350 est
1510 309 1777 351 tenebrarum

268 378 310 418 et
340 375 455 430 quasi
486 388 701 430 corporeus
725 376 897 430 pulcher
919 377 1028 428 ante,
1060 388 1169 418 nunc
1198 377 1387 431 degener,
1420 378 1577 419 dudum
1608 377 1776 419 caelesti

268 446 482 499 splendore
523 445 783 499 conspicuus,
826 458 934 487 nunc
974 446 1105 486 taetro
1146 445 1364 487 infernalis
1405 446 1566 499 peccati
1608 445 1775 488 horrore

268 513 470 555 foedatus,
523 525 683 568 corpus,
724 514 907 567 inquam,
951 515 1014 555 est
1056 514 1164 566 quod
1209 513 1399 569 <locum>
1439 513 1580 564 habet,
1614 514 1776 556 actione
1807 531 1829 555 5

268 582 500 636 depellitur,
534 582 767 636 quantitate
790 582 1159 635 circumscribitur,
1187 582 1390 635 qualitate
1412 583 1616 637 mutatur,
1639 583 1778 625 dolore

268 651 498 693 conficitur.
551 664 654 704 quae
694 663 789 693 cum
829 651 889 692 ita
926 663 1014 692 sese
1045 650 1237 704 habeant,
1281 651 1351 704 qui
1395 652 1682 705 incorporeum
1713 651 1776 693 di-

268 721 369 761 cunt
399 720 597 771 animum,
630 720 725 762 uide
756 720 798 761 in
830 732 956 773 quam
986 720 1236 773 profundum
1269 732 1312 762 se
1345 721 1503 762 crimen
1523 721 1775 774 inmergant.

268 788 350 829 iam
382 788 566 841 primum
593 801 688 830 cum
710 791 853 830 auctor
874 788 1167 830 uniuersitatis
1191 789 1292 830 deus
1315 789 1455 830 omnia
1486 790 1535 830 in
1566 801 1777 830 numero

268 857 318 898 et
356 858 586 911 pondere
628 857 823 899 fecisse
863 857 1081 908 referatur,
1119 869 1214 911 ergo
1250 857 1389 899 anima
1420 870 1444 899 a
1474 859 1650 900 materia
1681 858 1823 899 uni-ro

268 938 411 967 uersae
444 928 655 967 creaturae
686 928 857 979 excepta
888 938 976 968 esse
1017 926 1210 977 creditur,
1243 939 1348 980 quae
1379 939 1461 968 non
1492 929 1555 969 est
1586 939 1778 981 corporea

267 1006 343 1036 nec
374 994 519 1036 localis
551 996 626 1044 est,
660 994 693 1035 si
726 995 813 1036 loco
846 1006 924 1036 non
953 995 1203 1044 continetur,
1227 1007 1323 1049 ergo
1345 995 1495 1048 ubique
1517 995 1774 1046 diffunditur,

269 1063 410 1105 omnia
450 1062 621 1112 intrare,
662 1063 824 1116 inplere
856 1066 898 1104 et
934 1062 1088 1116 ubique
1118 1075 1312 1117 praesens
1344 1076 1432 1105 esse
1465 1063 1631 1115 dicitur,
1663 1076 1712 1106 ac
1742 1065 1775 1105 si

269 1132 445 1174 creatori
476 1144 548 1174 suo
581 1134 768 1173 creatura
808 1132 1034 1174 sociaretur
1066 1133 1107 1174 et
1151 1132 1358 1187 fragilitas
1389 1134 1547 1175 auctori
1578 1145 1664 1183 suo,
1697 1145 1777 1175 non

266 1200 351 1243 iam
396 1213 461 1243 res
507 1200 584 1252 dei,
631 1202 703 1243 sed
748 1213 843 1255 pars
891 1201 956 1242 dei
1003 1201 1262 1243 aestimanda
1302 1201 1506 1255 iungitur.
1558 1202 1653 1242 uide
1696 1214 1827 1254 quo15

268 1271 496 1312 adsertores
528 1281 622 1311 suos
654 1271 776 1311 ducat
808 1269 883 1311 alti
914 1269 1132 1323 prolapsus
1164 1269 1325 1311 erroris.
1369 1271 1559 1323 equidem
1592 1269 1708 1311 nobis
1730 1282 1777 1311 ea

267 1350 372 1391 quae
412 1350 537 1391 supra
577 1350 651 1379 nos
694 1341 805 1392 sunt,
848 1337 1082 1380 inuisibilia
1122 1339 1241 1380 sunt:
1285 1339 1354 1380 sed
1388 1339 1527 1381 omnia
1566 1339 1629 1380 illi
1670 1339 1778 1380 sicut

268 1406 654 1461 conprehensibilia,
696 1406 757 1448 ita
803 1407 845 1448 et
884 1419 1076 1460 corporea
1122 1411 1241 1458 sunt,
1286 1408 1356 1461 qui
1397 1420 1443 1449 ex
1498 1407 1629 1449 nihilo
1676 1406 1777 1449 fecit

267 1476 420 1526 omnia,
452 1488 557 1529 quae
587 1477 695 1517 sicut
724 1488 843 1528 opere
874 1476 1072 1526 instituit,
1105 1477 1165 1517 ita
1205 1478 1247 1518 et
1276 1477 1453 1518 materia
1483 1475 1774 1529 incorporauit,

268 1546 311 1587 et
340 1545 466 1587 rebus
497 1544 702 1599 omnibus,
733 1544 844 1587 inter
876 1558 977 1599 quas
1010 1548 1052 1587 et
1082 1546 1223 1587 anima
1254 1547 1460 1596 censetur,
1492 1545 1603 1587 sicut
1633 1545 1827 1586 distri-<20

211 1612 224 1622 ”
266 1614 359 1656 buit
389 1616 563 1668 pondus,
585 1627 804 1656 numerum
830 1614 978 1670 <atque
1002 1614 1281 1670 mensuram),
1305 1615 1368 1656 ita
1388 1617 1429 1656 et
1449 1615 1587 1668 posuit
1608 1615 1774 1667 quanti-

266 1685 413 1726 tatem.
463 1684 573 1726 inter
604 1684 706 1725 haec
736 1684 769 1725 si
803 1684 921 1734 forte,
953 1686 1001 1725 ut
1032 1683 1190 1726 dictum
1224 1684 1299 1735 est,
1333 1682 1605 1725 adserendum
1627 1682 1775 1735 aliquis

267 1754 400 1805 putet,
433 1753 542 1806 quod
573 1753 649 1794 illa
670 1753 881 1807 angelicae
903 1753 1141 1794 subtilitate
1163 1754 1337 1794 naturae
1358 1752 1562 1806 quaedam
1585 1751 1775 1804 contagio

401 1878 423 1912 9
448 1878 528 1922 sap.
554 1879 607 1920 11,
634 1878 677 1912 21

336 1992 355 2025 1
387 1996 568 2035 quecfique
598 1991 646 2030 Z,
688 2001 791 2035 quaq;
823 1991 896 2025 Mb
1035 1990 1207 2025 accidenti
1234 1991 1486 2026 ΑΒΕΙΨἩἚ2
1625 1989 1777 2024 uitiatur

265 2047 334 2082 Ma
366 2052 401 2082 et
425 2048 504 2083 Sch.
642 2048 664 2082 2
701 2048 877 2093 princeps]
916 2048 1051 2093 primus
1088 2049 1124 2083 Z
1259 2049 1483 2084 tenebrorum
1517 2049 1548 2084 Z
1685 2048 1706 2083 3
1739 2051 1775 2081 et

265 2106 508 2152 quasi—paq.
533 2109 587 2147 17,
614 2108 660 2141 13
691 2106 820 2141 habere
852 2109 1018 2142 naturam
1051 2117 1117 2141 om.
1143 2107 1214 2141 Ma
1354 2109 1377 2143 5
1407 2108 1521 2142 locum
1554 2106 1640 2141 add.
1674 2106 1776 2140 Har-

266 2162 391 2204 telius,
432 2173 498 2197 om.
524 2163 559 2197 Z
566 2177 574 2206 3
615 2167 775 2198 ceterum
799 2163 932 2198 addita
955 2174 1043 2198 uoce
1067 2164 1184 2199 locum
1211 2174 1301 2209 opus
1326 2175 1401 2199 non
1426 2174 1510 2205 esse,
1541 2165 1574 2198 si
1597 2163 1773 2198 traditam

266 2220 434 2253 uoculam
459 2222 514 2254 est
538 2219 668 2261 deleas,
692 2225 813 2255 monet
839 2221 932 2255 idem
957 2221 1155 2256 Hartelius
1295 2222 1314 2255 7
1347 2232 1421 2256 sese
1444 2221 1592 2265 scripsi,
1634 2231 1707 2254 esse
1733 2220 1774 2257 Z.

265 2286 331 2311 om.
363 2276 534 2312 Canisius
672 2277 802 2312 habeat
835 2279 870 2312 Z
1004 2279 1088 2323 quin
1117 2290 1317 2322 corporeum
1350 2279 1398 2313 Z¹
1421 2279 1608 2319 Canisz'us,
1650 2277 1775 2322 quiin

266 2344 469 2377 corporeum
503 2335 550 2368 Z²
687 2338 769 2379 post
800 2335 959 2369 animum
990 2335 1293 2381 interrogationis
1322 2336 1470 2381 sianum
1493 2346 1517 2369 a
1542 2335 1687 2370 Canisio
1711 2333 1776 2368 ad-

266 2391 398 2426 iectum
421 2392 556 2426 sustuli
693 2393 715 2426 8
739 2392 884 2436 inquam
910 2393 945 2426 Z
1061 2393 1103 2427 12
1129 2403 1193 2435 ego
1219 2393 1254 2427 Z
1375 2393 1418 2427 13
1444 2393 1473 2427 si
1499 2392 1685 2432 Schottus,
1726 2391 1780 2425 sic>

266 2448 301 2482 Z
438 2449 481 2482 16
506 2449 690 2493 prolapsus
721 2450 870 2494 scripsi,
912 2460 975 2494 pro
1007 2449 1126 2494 lapsos
1159 2451 1208 2489 Ζ,
1257 2461 1318 2494 per
1344 2451 1460 2494 lapsos
1487 2449 1675 2491 Ccmisius,
1717 2459 1776 2492 per

264 2506 383 2550 lapsus
408 2506 420 2540 Z
535 2517 666 2541 errores
691 2507 727 2541 Z
745 2507 916 2542 Canisius
1031 2507 1194 2551 equidem
1218 2507 1398 2549 CanisiuS,
1436 2519 1463 2549 ες
1481 2507 1623 2551 quidem
1649 2507 1682 2540 Z

268 2564 309 2597 17
334 2563 399 2597 illa
428 2563 601 2598 Canisius
726 2565 768 2599 19
792 2565 1037 2608 incorporauit
1060 2565 1194 2609 scripsi
1217 2566 1294 2600 coll.
1313 2565 1426 2600 Mam.
1445 2565 1523 2599 libr.
1544 2564 1588 2598 II
1599 2574 1677 2608 cap.
1697 2563 1776 2605 ΙΙΙ,

266 2620 468 2665 corporauit
491 2621 526 2655 Z
655 2621 696 2656 21
724 2624 834 2666 atque
857 2632 1060 2656 mensuram
1087 2621 1218 2656 addidi
1241 2632 1285 2656 ea:
1301 2622 1417 2657 Mam.
1435 2622 1457 2655 l.
1478 2632 1517 2662 c.,
1557 2631 1623 2655 om.
1651 2621 1685 2655 Z

265 2679 505 2723 quantitatem
521 2679 652 2723 scripsi
667 2679 741 2714 coll.
759 2679 875 2714 Mam.
893 2678 915 2713 l.
933 2689 973 2720 c.‚
999 2679 1191 2723 qualitates
1209 2679 1242 2713 Z
1343 2679 1388 2714 22
1405 2679 1469 2713 hae
1488 2679 1522 2712 Z
1627 2678 1671 2712 23
1689 2677 1775 2712 sub-

265 2736 383 2770 tilitas
400 2736 412 2771 l
515 2736 663 2779 quedam
681 2737 722 2778 Z,
747 2737 896 2780 quadam
913 2736 1133 2771 lHartelius
1237 2736 1447 2781 contagione
1464 2736 1683 2770 lHartelius
