1884 2998
609 76 668 110 De
692 76 814 110 statu
839 75 1014 111 animae
1044 76 1104 112 III
1130 77 1185 112 14.
1564 79 1646 123 183

145 201 360 256 qualitatis
391 213 531 254 expers
563 201 682 248 esset,
724 202 907 253 profecto
950 201 1060 243 enim
1096 202 1195 244 deus
1236 205 1355 256 esset,
1397 203 1646 248 identidem-

145 282 223 323 que
254 269 302 320 si,
333 271 379 310 ut
411 269 618 322 qualitati,
650 269 710 310 ita
740 270 865 311 etiam
898 269 1124 323 quantitati
1150 270 1324 322 cederet,
1357 283 1502 325 corpus
1525 275 1645 317 esset.

145 349 256 379 nunc
276 349 371 378 uero
392 337 687 379 medioximum
707 337 902 390 quiddam
918 339 1090 379 naturae
1106 337 1375 391 incorporeae,
1392 340 1463 381 sed
1485 343 1645 383 creatae

144 406 292 448 sortita
331 417 405 446 nec
449 406 550 447 deus
596 407 671 455 est,
704 406 898 458 quoniam
937 405 1181 458 qualitatem
1213 405 1352 457 habet,
1384 420 1456 450 nec
1486 421 1644 464 corpus,

114 474 240 527 §quia
269 485 351 515 non
380 472 506 515 habet
541 473 831 527 quantitatem.

199 554 253 595 Et
299 554 491 607 quoniam
537 554 599 595 uti
644 553 814 607 agitatis
858 556 968 596 retro
1013 553 1362 608 disputationibus
1406 556 1644 600 edocuimus

143 622 271 664 nimis
311 623 394 665 late
435 624 551 677 patet
580 623 623 664 in
654 622 825 664 huiusce
859 622 1021 678 (modi)
1056 622 1365 676 quaestionibus
1395 623 1643 675 inmensum,

143 691 434 745 principalium
451 691 628 745 origines
642 692 837 744 conplexa
854 703 1071 735 causarum
1087 691 1238 744 inspici
1252 704 1370 744 porro
1386 691 1500 734 intus
1515 705 1643 746 usque

141 772 403 813 nequaquam
441 762 590 814 potest,
622 760 703 802 nisi
743 760 917 813 duplicis
948 762 1180 802 creaturam
1210 761 1475 812 substantiae,
1509 761 1643 814 quoad

95 829 299 870 1ohomini
329 841 448 883 posse
479 828 541 870 fas
573 827 686 879 siuit,
717 827 905 870 adhibito
936 828 1078 870 iudicii
1107 828 1324 870 libramine
1345 840 1546 881 secernas,
1570 832 1644 871 aut

141 909 435 951 usquequaque
478 898 720 939 cessandum
761 898 823 938 est
864 899 936 939 aut
977 897 1071 938 istis
1108 897 1209 939 illuc
1239 896 1360 939 lineis
1391 897 1640 947 adeundum,

139 969 187 1007 ut
217 965 399 1018 primum
430 966 480 1007 ab
510 966 744 1019 incorporeo
776 978 922 1020 corpus
952 966 1135 1017 dirimaS‚
1168 965 1315 1007 dehinc
1346 965 1454 1007 sicut
1482 965 1525 1006 in
1554 966 1643 1020 ipso

139 1035 374 1076 omnimodo
426 1046 639 1088 corporum
689 1047 836 1088 genere
875 1034 978 1076 atris
1019 1034 1292 1089 splendentia,
1333 1033 1530 1075 sublimia
1570 1034 1643 1075 de-

138 1104 305 1156 pressis,
351 1104 531 1157 pretiosa
575 1104 727 1145 uilibus
774 1104 1003 1157 anteponiS,
1050 1103 1110 1145 ita
1155 1103 1281 1145 etiam
1321 1104 1363 1145 in
1392 1102 1642 1155 incorporeis

92 1185 125 1211 1⁵
139 1184 243 1224 quae
290 1172 429 1213 creata
479 1174 577 1213 sunt
624 1172 825 1213 humanas
874 1171 1082 1222 belluinis,
1134 1170 1180 1212 in
1215 1170 1315 1224 ipsis
1344 1169 1493 1212 itidem
1537 1182 1640 1224 quae

138 1240 342 1282 humanae
383 1243 481 1281 sunt
522 1240 742 1292 prudentes
782 1238 960 1288 stolidis,
1003 1240 1046 1280 in
1090 1238 1155 1280 his
1196 1250 1314 1292 porro
1352 1238 1502 1280 itidem
1538 1250 1641 1291 quae

138 1310 291 1350 natura
321 1309 465 1363 uigent
495 1310 633 1350 doctas
664 1308 841 1350 indoctis
873 1307 1035 1350 animas
1065 1308 1317 1349 anteuertas.

205 1514 222 1547 1
249 1513 342 1546 enim
368 1522 434 1547 om.
460 1511 558 1552 Sela,
600 1511 709 1544 etiam
729 1512 773 1554 10²
911 1509 932 1543 2
958 1509 989 1543 si
1019 1509 1074 1554 ut]
1109 1509 1158 1543 sic
1192 1509 1236 1551 G,
1278 1508 1371 1543 sicut
1403 1507 1482 1549 LS,
1523 1508 1554 1542 si
1578 1509 1642 1542 aut

134 1582 170 1616 B
289 1580 467 1625 qualitate
491 1580 527 1613 A
644 1579 666 1613 5
691 1579 857 1622 quoniam
881 1577 950 1612 RS
1061 1577 1262 1622 quantitem
1286 1578 1322 1611 A
1437 1577 1458 1610 6
1483 1587 1505 1611 a
1524 1576 1644 1611 uerbis

133 1654 171 1684 et
195 1650 360 1694 quoniam
384 1648 474 1683 noui
498 1647 655 1692 capituli
678 1647 824 1682 initium
850 1646 943 1688 facit
968 1645 1048 1681 Sch.
1187 1646 1206 1680 7
1233 1645 1270 1679 in
1296 1655 1361 1680 om.
1386 1645 1472 1679 libri
1491 1648 1643 1688 praeter

134 1719 184 1753 M
197 1722 230 1753 et
248 1717 328 1753 Sch.
421 1716 519 1751 modi
535 1715 683 1758 addidi,
713 1726 779 1750 om.
796 1715 885 1750 libri
977 1714 1195 1759 quaestionis
1210 1713 1455 1758 DEFGS²20²
1472 1712 1551 1748 Sch.

134 1797 347 1842 inmensum]
365 1807 432 1842 que
448 1796 533 1831 add.
554 1796 588 1831 G
683 1796 706 1830 8
724 1776 880 1839 origenis
899 1794 930 1829 S
1019 1795 1216 1838 complexae
1232 1793 1423 1836 Barth-ius,
1446 1793 1642 1837 complexas

136 1869 213 1904 Sch.
232 1869 274 1902 in
290 1868 385 1902 notis
481 1869 563 1910 post
581 1875 764 1900 causarum
778 1864 964 1910 grauioris
980 1864 1287 1908 interpunctionis
1302 1864 1457 1908 siynum,
1475 1862 1571 1906 quod
1585 1872 1641 1896 ‘re-

133 1937 255 1971 tinent
279 1935 444 1975 editores,
470 1933 603 1968 sustuli
718 1932 739 1966 9
764 1933 962 1967 creaturam
987 1930 1210 1966 substantiae
1233 1930 1317 1973 Mb,
1354 1932 1535 1965 creaturae
1560 1929 1641 1964 sub-

133 2003 307 2038 stantiam
325 2003 404 2037 rell.
422 2006 455 2037 et
474 2001 553 2036 Sch.
682 1999 775 2045 quod
799 1999 962 2043 BDEF,
998 2009 1065 2044 que
1090 1999 1138 2034 M
1146 1999 1165 2033 b
1294 1998 1337 2032 10
1353 1997 1496 2032 homine
1513 1997 1549 2033 R

133 2073 187 2108 fas
213 2072 312 2117 siuit]
338 2071 453 2106 assuit
477 2071 515 2112 b,
558 2070 612 2104 fas
643 2069 717 2103 fuit
747 2069 839 2103 coni.
866 2068 962 2110 Sela,
1005 2068 1059 2102 fas
1092 2067 1181 2102 sinit
1205 2067 1250 2111 φ’
1388 2076 1544 2101 secernas
1574 2064 1641 2100 OG

131 2152 204 2187 Mb
229 2152 327 2194 Sela,
368 2152 523 2186 secernet
546 2151 599 2193 A,
642 2130 795 2184 secernit
819 2148 866 2193 S,
910 2150 1071 2183 secernat
1094 2147 1172 2182 rell.
1291 2145 1462 2191 secernas]
1489 2155 1529 2180 ea
1552 2144 1639 2180 add.

132 2232 218 2268 zion·
238 2230 528 2277 praeteream
550 2233 585 2264 et
610 2229 690 2264 Son.
831 2229 872 2262 11
905 2227 982 2273 aut]
1015 2205 1099 2262 elme
1130 2226 1176 2271 S,
1215 2227 1258 2260 ut
1288 2224 1439 2260 BHLR
1576 2226 1640 2259 aut

133 2301 253 2346 usque]
288 2303 482 2344 cautusque
513 2298 546 2333 G
683 2298 790 2332 istius
821 2297 868 2332 M
1005 2296 1049 2330 12
1080 2294 1205 2330 deinde
1237 2293 1273 2328 L
1409 2293 1446 2326 in
1470 2293 1546 2336 ipso
1570 2303 1641 2328 om.

132 2370 170 2407 R
307 2371 351 2405 13
382 2368 596 2414 spendentia
620 2368 656 2403 B
796 2367 839 2402 15
871 2365 1004 2401 ididem
1036 2365 1073 2401 R
1212 2362 1254 2398 16
1278 2361 1405 2396 itidem
1430 2370 1495 2396 om.
1521 2360 1552 2395 S

135 2451 177 2486 17
202 2432 322 2486 doetBs
348 2450 379 2486 S
513 2449 676 2484 indoctas
701 2449 737 2484 R
874 2448 1068 2490 anteponas
1087 2446 1132 2489 φ’
