1884 2998
637 82 695 118 De
717 84 844 118 statu
869 83 1044 119 animae
1077 82 1137 120 III
1162 85 1194 120 8.
1588 83 1668 129 167

162 207 280 257 satis,
318 208 366 249 ut
404 208 591 260 arbitror,
630 209 746 262 patet
784 209 927 252 beatos
967 209 1133 262 angelos
1163 209 1381 264 utriusque
1411 210 1669 254 substantiae

163 276 206 318 et
251 276 507 330 incorporeos
539 289 629 319 esse
657 276 702 318 in
734 289 781 319 ea
818 277 883 319 sui
921 280 1051 331 parte,
1091 290 1174 332 qua
1211 278 1311 331 ipsis
1356 278 1538 321 uisibilis
1570 279 1669 321 deus

162 346 239 395 est,
280 345 323 386 et
352 345 395 386 in
427 358 476 388 ea
503 345 651 388 itidem
680 347 795 399 parte
826 358 1051 401 corporeos,
1084 359 1165 400 qua
1195 346 1430 389 hominibus
1460 349 1560 389 sunt
1589 346 1670 400 ipsi

162 412 363 468 uisibiles,
395 414 590 467 quoniam
623 426 697 456 nec
728 414 827 457 deus
859 415 910 457 ab
942 414 1087 468 angelo
1119 427 1191 468 per
1217 425 1365 468 corpus
1401 427 1476 457 nec
1496 415 1669 468 angelus

133 480 214 522 sab
260 481 425 524 homine
468 482 557 524 sine
602 495 768 536 corpore
813 483 949 525 uideri
992 484 1140 537 potest.
1193 495 1297 536 quae
1337 495 1433 525 cum
1473 483 1532 525 ita
1568 482 1668 534 sint,

162 550 306 604 negari
336 551 480 604 nequit
510 550 721 593 diabolum
751 563 912 605 quoque
942 565 990 593 ex
1020 554 1256 605 incorporeo
1298 562 1568 604 corporeoque
1611 550 1672 592 fa-

163 619 292 668 ctum,
324 620 468 672 utpote
498 619 654 661 sanctis
686 621 845 674 angelis
868 622 1141 672 concreatum,
1165 618 1343 673 duplicis
1365 630 1453 661 esse
1475 619 1672 660 substan-

163 687 262 730 tiae.
315 688 385 740 qui
430 689 651 742 postquam
699 688 879 742 hydrope
925 688 1143 742 superbiae
1193 688 1352 730 tumuit
1397 688 1440 728 et
1488 686 1671 728 inuidiae

163 756 279 798 febre
310 756 461 808 tabuit,
494 759 639 810 sponte
669 757 908 799 inlocaliter
929 758 1153 800 sanctitate
1173 757 1390 812 prolapsus
1411 767 1539 809 eaque
1559 755 1671 796 loca-

118 824 262 867 1oliter
301 825 411 866 caelo
454 837 533 867 non
566 827 714 879 sponte
750 825 946 875 deiectus,
980 838 1076 867 cum
1106 838 1189 867 non
1222 825 1407 880 angelus,
1438 824 1510 866 sed
1540 823 1672 866 bonus

165 905 250 935 esse
290 894 526 948 cessauerit,
567 893 848 936 innocentiam
886 895 1081 947 perdidit,
1121 906 1204 936 non
1240 896 1449 936 naturam.
1500 891 1670 945 proinde

164 963 273 1004 sicut
304 962 548 1014 angelorum
577 962 806 1005 multitudo
847 975 950 1016 quae
980 963 1168 1016 perstitit
1197 963 1242 1005 in
1273 963 1447 1017 utroque
1478 961 1544 1003 sui
1577 962 1672 1004 bea-

164 1030 359 1081 tificatur,
406 1031 467 1074 ita
513 1044 615 1086 quae
659 1031 823 1074 destitit
867 1032 909 1074 in
956 1032 1021 1074 sui
1070 1033 1244 1086 utroque
1286 1031 1493 1086 punietur.
1545 1030 1675 1084 igitur

164 1099 483 1153 haudquaquam
527 1103 637 1142 recte
682 1103 782 1143 duas
831 1101 874 1143 in
915 1101 1076 1144 diabolo
1122 1101 1377 1143 substantias
1422 1099 1672 1152 infitiabere‚

119 1170 264 1223 15quia
302 1170 428 1211 etiam
466 1171 619 1211 memet
658 1170 798 1223 spreto
843 1170 1121 1212 necessarium
1161 1170 1344 1224 profecto
1377 1168 1469 1217 erit,
1506 1169 1553 1209 ut
1583 1167 1673 1208 tute

167 1239 287 1280 cedas
332 1239 410 1280 tibi
448 1241 490 1280 et
536 1241 698 1292 partem
736 1239 1075 1292 prosecutionum
1104 1241 1272 1281 tuarum
1303 1240 1420 1291 parte
1450 1236 1673 1291 subplodas

167 1306 402 1360 falsumque
432 1319 529 1349 uero
555 1307 708 1349 diruas.
762 1308 888 1350 habet
918 1320 1014 1362 ergo
1036 1308 1238 1359 diabolus,
1259 1307 1350 1360 ipse
1371 1309 1513 1349 tamen
1535 1305 1670 1347 incor-

166 1386 328 1428 poreus,
375 1387 520 1430 corpus
566 1389 701 1427 suum,
748 1376 844 1430 quia
884 1379 926 1418 et
967 1378 1120 1419 sentire
1158 1378 1247 1419 sine
1288 1388 1453 1430 corpore
1484 1385 1675 1428 corporea

166 1446 376 1486 tormenta
417 1457 500 1486 non
540 1445 705 1499 poterit.
758 1446 800 1488 et
842 1446 946 1488 item
988 1446 1060 1500 qui
1099 1446 1228 1488 sentit
1271 1446 1384 1488 aliud
1433 1444 1497 1486 est
1529 1444 1570 1485 et
1600 1453 1674 1496 per

120 1515 273 1566 noquod
304 1513 485 1555 sentitur
516 1515 580 1555 est
609 1514 735 1557 aliud.
788 1514 937 1569 quippe
967 1516 1002 1556 si
1035 1515 1346 1565 animaduertiS,
1384 1515 1544 1556 tuomet
1564 1511 1675 1554 ueri-

168 1583 300 1625 tatem
321 1584 535 1637 proloquio
558 1584 767 1627 docebere.
800 1596 945 1638 nempe
968 1584 1128 1626 dixisti:
1152 1584 1195 1626 si
1227 1596 1281 1626 ex
1310 1583 1404 1625 hoc
1434 1583 1674 1624 concreto

167 1664 284 1694 aere
323 1652 569 1694 diabolus
607 1665 800 1706 corpus
839 1654 1028 1708 traxit,
1070 1666 1191 1708 ergo
1225 1653 1458 1695 alienum
1491 1661 1676 1703 corpus

305 1793 347 1828 21
373 1792 418 1828 cf.
445 1803 525 1839 pag.
551 1794 604 1834 15,
632 1794 675 1829 19

236 1923 258 1957 2
283 1923 509 1967 incorporeus
534 1924 609 1959 BR
731 1925 788 1958 sui
812 1934 877 1959 om.
905 1925 991 1959 libri
1008 1928 1161 1969 praeter
1185 1925 1236 1959 M
1249 1928 1283 1960 et
1302 1924 1382 1959 Βοὴ.
1500 1922 1613 1968 parte]
1639 1921 1677 1956 in

167 1979 251 2014 add.
279 1979 326 2023 0,
366 1980 431 2014 sub
457 1980 545 2017 add.
569 1981 647 2016 rell.
670 1985 819 2026 praeter
846 1981 929 2016 GM
943 1985 975 2017 et
993 1981 1074 2017 Βοὴ.
1193 1982 1263 2026 ipsi
1283 1983 1329 2026 10²
1450 1980 1472 2015 3
1496 1989 1678 2024 corporeus

167 2037 318 2080 BH1R,
360 2047 542 2081 corporeas
568 2037 598 2072 S
729 2039 814 2083 quia.
837 2038 969 2074 AH‘R
1106 2039 1176 2083 ipsi
1201 2049 1267 2073 om.
1294 2038 1379 2073 libri
1398 2040 1550 2082 praeter
1574 2036 1623 2071 M
1645 2038 1680 2070 et

168 2093 250 2129 Sch.
381 2094 404 2128 4
428 2094 629 2129 inuisibiles
653 2095 689 2130 R
804 2096 897 2140 quod
922 2095 1094 2130 BDE¹F
1221 2096 1242 2130 6
1266 2105 1394 2139 negare
1418 2094 1587 2129 ABH¹R

168 2151 188 2185 7
226 2153 269 2185 ut
305 2153 389 2195 pute
424 2152 497 2188 LR
635 2152 793 2197 duplices
828 2154 865 2188 R
1004 2154 1026 2188 8
1061 2153 1098 2188 id
1129 2163 1234 2198 prope
1270 2153 1334 2195 M,
1374 2152 1530 2196 improbe
1566 2150 1586 2185 b

169 2208 335 2253 superbia
358 2209 379 2243 b
510 2209 637 2245 timuit
660 2210 697 2244 A
842 2211 864 2244 9
888 2221 997 2255 eoque
1021 2210 1201 2245 Barthius
1331 2209 1522 2244 illocaliter
1540 2210 1586 2252 1³²

170 2265 213 2300 10
249 2276 267 2300 e
303 2269 388 2300 ante
424 2266 520 2300 caelo
557 2265 643 2300 add.
680 2266 772 2308 Mb,
821 2266 863 2301 de
898 2266 983 2301 add.
1024 2267 1199 2302 Galland.
1343 2277 1412 2300 non
1449 2276 1515 2300 om.
1550 2264 1586 2299 R

170 2322 213 2357 12
250 2323 414 2367 persistit
450 2323 524 2357 Mb
542 2322 621 2358 Βοὴ.
763 2323 1030 2359 beatificabitur
1067 2324 1220 2359 editores
1360 2323 1402 2358 13
1438 2324 1559 2366 itaque
1598 2321 1679 2357 GM

168 2400 233 2437 Rb
365 2402 512 2437 abstitit
539 2403 573 2438 G
704 2385 854 2448 punitur
878 2405 927 2438 M
1058 2405 1101 2439 14
1131 2404 1406 2448 haudquaquam
1432 2403 1533 2446 13²6,
1574 2401 1678 2437 haut-

169 2468 276 2502 quam
300 2459 523 2503 DH’LMS,
566 2462 738 2504 autquam
761 2462 838 2496 rell.
972 2462 1010 2496 in
1037 2472 1101 2497 om.
1129 2461 1159 2496 S
1285 2460 1511 2495 inficihabere
1536 2460 1587 2502 A,
1624 2459 1677 2494 in-

169 2516 331 2551 ficiauere
361 2516 483 2553 0H¹R
617 2518 658 2552 15
683 2519 767 2562 quia
790 2519 911 2563 etiam]
937 2520 974 2553 et
998 2519 1082 2563 quia
1106 2519 1177 2553 iam
1203 2518 1276 2553 Mb
1406 2517 1525 2563 pfeoto
1549 2517 1586 2553 R

171 2574 214 2608 16
238 2575 377 2618 partem
403 2585 466 2609 om.
493 2575 647 2610 ABDF
770 2577 1054 2620 persecutionum
1077 2575 1163 2610 libri
1182 2578 1336 2620 praeter
1365 2574 1481 2611 CGM
1598 2585 1678 2618 par-

168 2633 239 2665 tem
266 2631 287 2666 b
427 2632 470 2666 18
494 2643 515 2666 a
540 2636 627 2667 ante
650 2643 815 2677 corporea
840 2633 926 2669 add.
951 2634 987 2668 A
1117 2633 1158 2668 19
1182 2634 1323 2677 poterat
1347 2632 1420 2667 Mb
1547 2632 1677 2666 iterum

169 2687 245 2723 Mb
386 2699 447 2733 per
471 2699 538 2723 om.
566 2689 600 2724 G
738 2689 784 2724 20
808 2691 981 2725 tuotemet
1006 2689 1042 2725 R
1178 2690 1220 2724 21
1248 2688 1387 2723 dixistis
1413 2688 1449 2724 R
