1884 2998
608 138 667 173 De
692 140 816 174 statu
839 140 1014 174 animae
1041 139 1159 175 1112.
1549 144 1630 187 149

136 266 340 316 scriptura
359 275 536 317 namque
557 263 840 317 sicloquitur:
875 265 1076 307 caelum
1107 265 1239 307 caeli
1271 266 1500 319 domino,
1530 269 1628 311 ter-

135 343 241 373 ram
271 334 443 374 autem
471 331 616 374 dedit
647 332 790 374 filiis
821 331 1098 375 hominum.

192 410 302 462 Quid
351 423 447 465 ergo
497 411 710 454 dicemus?
758 413 958 466 numquid
1008 412 1084 454 hoc
1134 413 1293 455 caelum
1341 415 1504 457 uisibile
1549 428 1631 459 non

134 479 370 522 hominibus
409 482 552 522 datum
591 481 652 521 est
683 481 755 521 aut
789 480 933 522 solaris
965 481 1103 535 fulgor
1135 482 1176 522 et
1207 482 1317 524 calor
1361 484 1429 525 uel
1473 484 1629 527 lunaris

109 548 248 603 sglobi
278 561 349 601 per
380 548 633 590 incrementa
666 561 713 590 ac
739 549 990 591 detrimenta
1021 550 1194 591 uariatio
1226 552 1293 592 uel
1324 554 1527 594 astrorum
1557 565 1631 595 ua.-

136 628 212 671 gus
250 620 442 670 ratusque
463 617 658 659 circuitus
679 617 748 659 uel
768 631 840 671 per
860 630 1030 672 magnos
1053 617 1171 659 orbes
1194 630 1431 673 congressus
1452 620 1633 663 siderum

138 688 179 727 et
208 686 366 727 statuta
394 684 636 739 progressiO,
668 686 757 727 siue
789 697 883 727 cum
915 686 1076 728 dierum
1107 686 1371 740 noctiumque
1392 690 1502 730 uices
1521 689 1631 731 uari-

136 756 220 805 ant,
252 755 340 796 siue
371 755 464 807 quia
495 753 643 796 caloris
674 766 723 796 ac
753 754 921 808 frigoris
953 755 1111 796 alterno
1142 755 1232 797 fotu
1254 758 1454 798 mundum
1475 758 1633 811 tempe-

134 824 240 874 rant,
272 835 345 865 seu
376 823 481 876 quod
512 823 706 864 dimensis
738 823 943 865 limitibus
979 823 1173 865 articulos
1204 825 1436 877 temporum
1466 825 1633 880 signant

89 911 121 936 10
134 892 356 945 eodemque
396 892 616 934 intermino
656 891 858 934 linearum
894 892 1062 934 tramite
1103 892 1146 934 in
1185 893 1226 935 id
1258 893 1393 946 ipsum
1432 893 1519 936 sine
1553 895 1633 937 fine

134 960 348 1002 redeuntia
377 972 449 1013 per
480 960 646 1002 easdem
678 961 926 1003 circulorum
958 961 1046 1003 uias
1076 961 1293 1013 reuehunt,
1325 962 1391 1003 uel
1423 963 1530 1015 quod
1569 963 1633 1005 di-

134 1029 297 1070 stinctis
319 1041 532 1071 numerose
550 1028 684 1070 choris
701 1030 743 1071 et
758 1028 928 1071 musicis
950 1030 1182 1071 interuallis
1199 1030 1408 1072 aetherem
1426 1030 1632 1085 pingunt?

134 1100 283 1141 suntne
321 1098 420 1140 haec
459 1098 599 1139 omnia
637 1098 754 1151 genti
792 1098 1034 1140 mortalium
1072 1100 1140 1140 uel
1178 1100 1408 1141 coniuentia
1445 1099 1539 1141 usui
1567 1087 1634 1142 uel

135 1167 315 1208 iucunda
345 1167 621 1220 spectamini?
654 1179 700 1209 ac
730 1180 801 1221 per
832 1168 908 1209 hoc
944 1167 1004 1208 ita
1033 1170 1155 1210 tenus
1188 1180 1428 1222 corporeum
1459 1168 1632 1220 caelum,

89 1255 122 1281 15
138 1236 233 1291 quia
263 1236 457 1278 uidelicet
487 1236 724 1278 hominibus
757 1237 902 1278 datum
933 1239 1010 1290 est,
1042 1237 1155 1279 terra
1185 1237 1350 1288 dicitur,
1379 1236 1489 1278 sicut
1508 1248 1634 1290 aqua-

134 1318 226 1348 rum
258 1305 299 1347 et
338 1305 442 1347 aeris
473 1316 641 1358 corpora
682 1316 762 1346 non
793 1304 938 1358 utique
978 1305 1163 1347 eiusdem
1191 1305 1485 1359 corpulentiae,
1518 1304 1636 1347 cuius

136 1378 198 1417 est
228 1376 349 1424 terra,
382 1374 522 1415 tamen
552 1372 650 1426 quia
679 1372 778 1414 filiis
809 1373 1025 1415 hominum
1046 1374 1143 1416 data
1172 1374 1279 1424 sunt,
1304 1376 1416 1415 terra
1441 1373 1633 1415 dicuntur

135 1444 293 1486 adiecto
333 1455 392 1493 eo,
424 1442 530 1495 quod
568 1443 754 1484 omnium
791 1443 1036 1484 sensualiter
1076 1443 1309 1484 uiuentium
1346 1441 1635 1495 principaliter

132 1515 267 1555 tactus
298 1524 345 1553 ex
375 1514 486 1553 terra
517 1512 591 1552 est.
642 1522 761 1563 porro
793 1512 933 1553 autem
974 1511 1082 1553 sicut
1114 1511 1202 1553 sine
1234 1511 1322 1566 igni
1355 1510 1487 1552 uideri
1517 1510 1633 1558 nihil,

87 1582 192 1624 20sic
220 1581 338 1637 tangi
378 1582 529 1634 absque
567 1581 677 1621 terra
707 1579 811 1622 nihil
847 1580 1003 1633 potest:
1037 1579 1135 1633 quia
1165 1580 1206 1621 et
1236 1579 1345 1634 ignis
1377 1580 1507 1621 tactui
1537 1579 1633 1620 sub-

134 1652 242 1693 iacet
272 1653 314 1692 et
343 1650 484 1692 aether
515 1652 620 1706 ignis
654 1651 732 1701 est,
764 1662 844 1692 non
876 1650 1067 1692 abhorret
1098 1650 1255 1704 aliquid
1298 1649 1387 1691 illic
1422 1660 1508 1690 esse
1547 1650 1632 1690 ter-

132 1732 288 1762 renum.
339 1722 586 1774 quapropter
630 1718 823 1773 quoniam
863 1731 982 1761 omne
1027 1730 1266 1772 corporeum
1311 1719 1444 1759 terrae
1487 1727 1634 1758 nomen

131 1788 310 1831 includit
339 1791 508 1842 ratoque
540 1787 689 1830 iudicio
721 1786 767 1829 in
797 1787 999 1840 corporeis
1032 1786 1303 1840 conpositum,
1342 1788 1455 1826 terra
1484 1783 1634 1826 dicitur

134 1869 254 1899 omne
283 1869 534 1911 corporeum,
566 1855 664 1910 quia
694 1855 764 1897 hic
793 1854 1004 1897 sensibilis
1026 1854 1203 1896 mundus
1224 1866 1318 1896 cum
1339 1852 1503 1894 uisibili
1523 1851 1634 1894 caelo

88 1942 122 1968 25
133 1927 245 1968 terra
274 1926 349 1974 est,
382 1938 484 1979 quae
513 1925 612 1967 filiis
649 1924 865 1966 hominum
896 1923 995 1965 data
1026 1923 1101 1965 est.

201 2073 223 2107 3
259 2072 415 2107 dicemus
450 2071 601 2115 scripsi,
643 2070 792 2105 dicimus
825 2069 930 2112 libri,
965 2069 1012 2112 cf.
1039 2079 1123 2114 paq.
1157 2070 1240 2110 150,
1263 2071 1284 2102 1
1419 2067 1443 2102 4
1478 2067 1554 2111 aut]
1590 2076 1635 2101 an

129 2155 173 2197 p'
293 2152 315 2187 5
339 2128 478 2186 uariato
505 2150 536 2186 S
652 2151 674 2185 6
699 2151 879 2194 ingressus
904 2149 976 2184 Mb
1100 2148 1144 2182 10
1167 2148 1204 2182 in
1229 2148 1381 2182 termino
1406 2148 1444 2190 b,
1484 2148 1635 2182 termino

127 2231 157 2265 p
282 2219 466 2256 tramitem
492 2218 566 2254 Mb
704 2218 745 2253 11
772 2217 842 2263 uel]
869 2219 905 2252 et
923 2219 969 2261 10²
1109 2216 1152 2251 12
1175 2226 1357 2250 numerose
1383 2214 1498 2250 choris
1522 2215 1574 2249 ΕΙ
1596 2215 1637 2249 in

134 2312 261 2347 mar-q„
297 2310 442 2335 numero
460 2298 575 2334 choris
602 2298 647 2341 G,
683 2298 838 2332 numeris
855 2298 891 2332 et
907 2296 1004 2332 horis
1021 2296 1097 2331 rell.
1117 2299 1151 2331 et
1169 2295 1323 2330 editores
1444 2295 1486 2329 13
1512 2276 1635 2328 sEntne

134 2358 169 2394 R
290 2356 491 2392 conuientia
508 2355 599 2397 FS¹‚
637 2354 825 2389 conuencia
844 2354 906 2396 G¹‚
944 2352 1193 2388 conuenientia
1210 2351 1330 2387 DES²
1350 2351 1429 2387 Sch.
1554 2350 1637 2384 usui

134 2426 200 2450 om.
226 2415 302 2450 Mb
428 2414 470 2448 14
495 2413 702 2457 spectamini
730 2412 775 2454 G,
813 2410 1067 2456 llllspectamini
1091 2409 1139 2452 Ε,
1175 2408 1331 2453 aspectui
1356 2408 1442 2449 Mb,
1480 2409 1636 2451 expecta-

137 2471 227 2506 mini
262 2472 339 2507 rell.
373 2481 456 2506 cum
491 2469 562 2504 PT
586 2473 621 2504 et
646 2468 744 2511 Sch,
786 2467 1015 2512 speculamini
1050 2466 1109 2501 uel
1145 2464 1375 2510 aspectamini
1410 2464 1501 2500 coni.
1537 2464 1636 2498 Bar-

134 2551 229 2586 thius
351 2550 395 2585 15
419 2550 525 2584 datur
548 2549 590 2583 H
706 2547 748 2582 16
772 2557 934 2592 corporea
959 2546 990 2581 S
1101 2522 1336 2600 corpolrentiae
1362 2543 1392 2578 S
1512 2543 1555 2578 17
1583 2544 1636 2576 est

135 2641 201 2665 om.
235 2631 271 2666 R
407 2629 493 2673 quia
525 2628 572 2663 M
603 2627 776 2671 editores,
815 2626 979 2671 quoniam
1011 2625 1090 2660 rell.
1229 2623 1271 2658 19
1302 2623 1385 2667 igne
1422 2622 1452 2658 0
1467 2621 1546 2657 Seh.

136 2686 231 2721 nihil
261 2685 375 2721 uideri
407 2686 438 2721 S
571 2685 616 2720 20
647 2683 761 2719 nihils!
792 2683 828 2719 R
965 2682 1007 2717 21
1042 2682 1095 2715 est
1126 2691 1193 2715 om.
1221 2690 1247 2723 p
1385 2678 1430 2714 22
1454 2677 1634 2723 quoniam]

139 2743 232 2788 quod
256 2743 377 2786 BDF,
414 2753 482 2779 om.
506 2753 531 2786 p
668 2741 713 2776 23
740 2739 957 2785 compositus!
982 2739 1016 2773 A
1153 2737 1198 2771 24
1223 2736 1306 2771 hinc
1330 2735 1366 2771 B
