1884 2998
221 135 280 179 52
390 148 395 154 ·
738 134 984 171 Claudiani
1007 135 1220 172 Mamerti

223 260 480 314 quorundam
520 260 671 303 referre
711 262 812 304 dicis
854 261 1096 305 arbitrium:
1139 262 1210 317 qui
1242 263 1277 305 si
1309 262 1621 316 arbitrantium,
1653 265 1730 307 hoc

219 331 283 371 est
303 329 585 372 dubitantium
613 330 799 384 sequitur
819 329 926 372 forte
946 330 1206 380 sententiam,
1238 344 1329 374 cum
1353 332 1540 374 eiusdem
1564 331 1724 390 <quo>-

224 410 302 452 que
343 399 391 439 tu
430 409 612 451 sequare,
654 410 827 452 cumque
868 411 948 441 non
987 398 1070 441 nisi
1100 399 1150 441 ab
1181 399 1422 454 ignorantia
1450 400 1731 453 proficiscatur

222 466 413 510 dubietas
454 467 709 519 arbitrantis,
750 479 924 521 agnosce
965 469 1005 510 te
1041 468 1157 510 nobis
1189 468 1478 522 quaerentibus
1509 469 1731 511 ueritatem

223 547 297 588 pro
328 548 413 578 una
443 548 567 590 quam
597 536 807 591 polliceris
853 536 1029 579 scientia
1072 537 1299 580 multorum
1330 536 1580 580 nescientias
1610 538 1730 580 adtu-
1760 550 1778 576 ⁵

222 604 334 647 lisse.
386 616 484 647 nam
517 616 613 646 cum
645 606 761 658 quasi
790 604 1081 658 probatissimo
1111 605 1352 648 testimonio
1384 606 1471 648 eius
1494 606 1636 657 utaris,
1661 607 1732 659 qui

222 673 272 715 de
318 673 377 715 eis
423 672 637 725 dubitans,
683 685 857 727 quorum
894 673 1147 716 testimoniis
1195 674 1343 726 utitur,
1385 686 1451 716 eos
1491 673 1730 716 dubitantes

223 740 374 794 adfert,
407 754 508 796 quos
541 743 669 784 testes
689 741 874 793 adhibet,
908 741 1006 795 quid
1034 744 1077 783 te
1107 754 1226 795 posse
1258 743 1525 797 pronuntiare
1556 755 1730 784 censen-

222 811 324 853 dum
364 810 441 861 est,
482 810 553 864 qui
577 810 629 853 ab
661 809 839 853 auctoris
870 809 934 853 tui
964 810 1196 853 dubitantis
1227 812 1394 854 auctore
1424 810 1549 853 dubio
1580 811 1730 853 tertius

222 880 310 934 ipse
340 879 424 921 iam
456 878 652 922 dubitas?
1745 895 1780 920 ιο

921 1026 1029 1081 XII.

220 1151 347 1191 QVOD
377 1152 689 1185 PHILOSOPHOS
719 1152 815 1184 NON
844 1153 1159 1184 INTELLEGENS
1191 1153 1366 1184 GLOBOS
1397 1154 1598 1184 SIDERVM
1622 1154 1730 1184 COR-

220 1220 424 1252 PORATOS
469 1221 673 1252 SPIRITVS
716 1221 1000 1252 ARBITRATVS
1047 1222 1114 1252 SIT
1159 1222 1215 1251 ΕΤ
1261 1221 1468 1253 ANGELOS
1521 1222 1730 1252 CORPORA

779 1290 884 1321 ESSE
916 1290 1175 1321 DECERNAT.

279 1369 399 1412 Istud
440 1382 513 1424 ego
555 1372 695 1412 tamen
735 1369 1001 1424 philosophos
1042 1371 1202 1424 reperio
1233 1371 1380 1422 dicere,
1418 1370 1490 1424 qui
1519 1369 1730 1413 nonnullis
1747 1387 1781 1414 15

224 1438 574 1493 disputationibus
612 1438 833 1481 adstruunt
863 1439 905 1481 et
934 1438 1046 1493 ipsos
1077 1439 1199 1482 lunae
1219 1439 1288 1482 uel
1308 1438 1406 1482 solis
1428 1438 1573 1494 globos
1595 1438 1730 1481 incor-

223 1507 359 1562 poreis
389 1506 586 1549 uidelicet
615 1507 830 1562 spiritibus
862 1508 939 1550 sub
969 1507 1114 1551 diuina
1143 1508 1322 1562 quadam
1354 1508 1494 1550 mente
1524 1506 1727 1562 uegetari.

223 1575 294 1619 sed
334 1577 498 1630 oportet
537 1587 735 1631 agnoscas
775 1576 852 1619 hoc
891 1576 1001 1619 idem
1040 1576 1328 1619 testimonium
1368 1589 1450 1618 non
1491 1576 1625 1619 solum
1657 1588 1729 1630 pro

223 1645 432 1688 sententia
460 1647 533 1687 tua
563 1647 706 1688 contra
736 1657 811 1688 nos
842 1645 964 1698 nihil,
996 1647 1066 1688 sed
1098 1645 1296 1688 aduersus
1319 1646 1493 1688 eandem
1514 1657 1587 1699 pro
1608 1644 1729 1686 nobis

222 1714 361 1756 ualere
400 1713 643 1767 plurimum.
696 1714 802 1767 quod
843 1725 889 1755 eo
929 1713 1012 1756 tibi
1053 1714 1220 1768 accidit,
1263 1713 1361 1768 quia
1400 1712 1777 1768 philosophicamm

223 1795 306 1826 non
350 1782 631 1838 intellegendo
677 1782 928 1825 sententiam
971 1782 1079 1825 illud
1125 1795 1198 1836 pro
1244 1783 1316 1825 tua
1363 1782 1562 1826 uidelicet
1606 1783 1728 1836 parte

222 1851 410 1906 posuisti,
443 1852 551 1906 quod
581 1853 706 1905 probe
735 1852 999 1895 intellectum
1029 1863 1110 1895 11011
1128 1852 1210 1895 nisi
1231 1852 1385 1894 nostris
1406 1854 1573 1895 tantum
1596 1851 1728 1905 possit

223 1920 414 1975 partibus
445 1920 678 1975 suffragari.
730 1921 766 1963 si
804 1921 915 1964 enim
947 1933 1160 1975 corporeos
1190 1920 1361 1975 spiritus
1393 1933 1479 1964 esse
1510 1919 1729 1970 dixissent,

293 2090 310 2125 1
338 2090 441 2134 quasi
471 2089 539 2126 OG
653 2090 675 2125 2
699 2101 779 2126 oum
804 2101 871 2126 om.
895 2091 932 2126 A
1048 2091 1205 2126 eiusdem
1230 2101 1368 2136 quoque
1384 2090 1534 2135 scripsi,
1573 2089 1729 2125 eiusdem

221 2152 292 2192 que
316 2146 392 2189 LS,
429 2146 617 2192 eodemque
641 2148 705 2190 M,
742 2148 863 2183 eodem
880 2159 1017 2194 quoque
1041 2148 1072 2192 b,
1110 2147 1243 2183 eisdem
1260 2157 1396 2193 quoque
1420 2147 1468 2191 D,
1504 2147 1732 2190 eiusdemque

222 2205 318 2247 rell„
368 2204 478 2240 eidem
509 2216 649 2250 quoque
682 2205 781 2248 801ι.,
829 2205 949 2241 eodem
979 2215 1023 2241 ne
1053 2216 1190 2251 01100110
1221 2205 1280 2240 uel
1310 2205 1429 2240 eodem
1453 2214 1564 2249 neque
1587 2203 1734 2239 mauult

223 2262 422 2298 Hartelius
537 2263 559 2297 3
583 2273 728 2308 sequare
750 2263 853 2306 E’Cr',
891 2273 1036 2308 sequere
1052 2263 1129 2298 rell.
1149 2266 1183 2299 et
1200 2262 1355 2298 editores
1469 2262 1493 2296 4
1517 2262 1731 2306 agnoscente

222 2319 276 2361 B,
316 2320 532 2375 agnoscente
556 2319 612 2363 Η,
652 2321 814 2365 agnoscis
837 2322 873 2355 te
899 2319 996 2362 801ι.,
1037 2319 1221 2364 agnoscite
1244 2318 1325 2356 138¹
1468 2319 1491 2352 5
1522 2328 1592 2363 qua
1623 2317 1732 2354 BOD

223 2388 294 2425 RS
423 2388 445 2423 6
469 2389 570 2423 utare
597 2387 632 2424 G-
763 2388 783 2423 7
808 2388 953 2424 dubitat
980 2388 1014 2425 G
1146 2388 1277 2434 utitur]
1303 2388 1340 2423 et
1363 2387 1449 2423 add.
1475 2387 1560 2422 libri
1578 2391 1732 2431 praeter

225 2444 301 2480 Mb
334 2447 369 2480 et
399 2443 499 2488 Sela,
540 2445 583 2479 ut
613 2443 698 2480 add.
731 2445 768 2481 R
906 2446 928 2481 8
964 2445 1189 2490 pronuntiari
1226 2444 1257 2480 8
1388 2444 1410 2479 9
1446 2444 1531 2488 quia
1565 2444 1639 2479 Mb

225 2502 269 2537 15
293 2500 378 2536 stud
401 2500 439 2536 R
554 2501 786 2547 philosophus
811 2501 894 2537 0G¹
1008 2502 1167 2547 repperio
1191 2501 1260 2538 RS
1382 2500 1425 2536 16
1450 2499 1578 2545 globus
1603 2501 1640 2537 R

224 2581 264 2618 in
288 2582 463 2626 corporeis
487 2582 507 2617 b
602 2582 643 2616 17
662 2582 812 2626 u&igari
828 2581 865 2618 R
959 2582 1002 2617 18
1020 2582 1175 2628 oportet]
1201 2582 1244 2616 ut
1258 2580 1344 2616 add.
1362 2581 1393 2623 b,
1430 2557 1569 2626 oportet
1593 2580 1642 2615 M

222 2649 287 2685 pro
323 2638 514 2684 sententia]
551 2640 692 2684 psentia
726 2639 763 2676 R
901 2639 944 2674 19
980 2638 1055 2685 sed]
1095 2639 1206 2675 etiam
1242 2637 1328 2674 add.
1360 2638 1404 2683 1³²
1543 2636 1731 2672 aduersum

223 2695 373 2732 HLRS
394 2725 399 2730 .
498 2696 544 2731 20
567 2697 703 2732 accedit
727 2696 990 2732 ABDEFPR
1120 2695 1164 2731 23
1188 2694 1366 2740 partibus]
1392 2704 1455 2740 par
1479 2694 1516 2730 R
1643 2692 1729 2737 esse]

223 2752 429 2798 philosophi
453 2752 538 2789 add.
564 2753 600 2796 b,
637 2753 742 2789 uncis
764 2754 848 2791 incl.
874 2752 1040 2790 &hattus
