1884 2998
217 161 299 203 130
726 156 969 193 Claudiani
993 157 1203 192 Mamerti

214 285 256 327 in
296 296 383 326 rem
423 284 488 326 sui
525 282 643 326 nobis
683 282 916 336 opitulante
951 282 1128 324 ueritate
1162 281 1336 324 rationis
1366 294 1525 336 quoque
1555 283 1715 327 uiribus

213 352 453 395 refellimus.
482 351 649 393 Marcus
667 351 811 403 Varro,
834 351 898 392 sui
919 350 1072 393 saeculi
1092 351 1368 404 peritissimus
1389 353 1430 392 et
1450 352 1556 394 teste
1577 352 1714 397 Tullio

214 420 399 463 omnium
444 419 559 462 sine
604 419 942 463 dubitat-ione
987 419 1352 470 doctissimus,
1384 420 1481 472 quid
1510 420 1555 461 in
1585 422 1715 463 musi-

211 489 282 540 cis,
311 488 410 542 quid
437 487 506 544 <in
528 487 846 544 arithmeticis>,
869 488 968 541 quid
989 487 1032 529 in
1052 488 1323 542 geometricis,
1347 487 1445 541 quid
1466 487 1510 529 in
1531 488 1714 542 philoso-

212 558 445 612 phomenon
475 556 595 598 libris
626 556 769 599 diuina
800 557 976 610 quadam
1006 556 1284 609 disputatione
1317 555 1541 608 contendit,
1567 557 1646 599 nisi
1667 559 1716 600 ut
1746 574 1762 599 5

211 639 235 669 a
265 625 504 668 uisibilibus
545 626 596 667 ad
626 624 866 675 inuisibilia,
899 637 923 666 a
952 624 1152 666 localibus
1192 625 1244 666 ad
1282 624 1487 680 inlocalia,
1519 638 1543 667 a
1573 637 1716 679 corpo-

210 694 290 737 reis
320 696 372 738 ad
401 695 640 749 incorporea
660 694 777 735 miris
800 695 989 735 aeternae
1010 693 1112 735 artis
1134 693 1267 736 modis
1290 693 1506 736 abstrahat
1527 694 1713 736 animum

210 764 251 805 et
280 763 327 805 in
357 775 536 816 corpora,
570 762 647 804 hoc
677 762 741 804 est
771 762 814 803 in
844 762 1017 803 aduersa
1047 761 1124 804 sibi
1155 761 1364 816 dilapsum
1395 764 1459 804 sui
1482 764 1712 816 compotem

210 832 365 876 faciat?
396 831 462 874 cui
491 831 528 872 si
560 843 706 884 corpus
738 832 858 886 esset,
897 842 1043 883 corpus
1074 830 1298 872 aduersum
1329 843 1415 872 esse
1447 843 1528 872 non
1559 831 1709 884 posset.

210 901 310 955 quid
355 912 428 954 ego
474 912 583 943 nunc
626 898 845 952 Zoroastri,
886 899 985 952 quid
1024 898 1333 940 Brachmanum
1370 911 1416 940 ex
1447 899 1580 949 India,
1614 898 1760 953 quidm

208 969 502 1012 Anacharsidis
532 981 553 1010 e
584 968 766 1023 Scythia,
799 967 897 1022 quid
928 979 1023 1010 uero
1055 966 1269 1019 Catonum,
1292 967 1392 1021 quid
1415 967 1472 1009 M.
1497 966 1711 1020 Ciceronis,

210 1037 310 1091 quid
354 1037 498 1090 Crispi,
545 1036 616 1090 qui
662 1037 713 1079 ab
755 1037 844 1090 ipso
887 1047 1017 1089 paene
1056 1035 1256 1089 principio
1296 1036 1361 1077 sui
1400 1034 1532 1089 operis
1571 1035 1710 1077 animo

209 1105 449 1148 dominandi
493 1106 555 1147 ius
601 1104 765 1154 tribuit,
810 1105 967 1159 corpori
1014 1104 1150 1158 legem
1189 1103 1403 1146 seruitutis
1451 1104 1626 1157 inponit,
1668 1103 1711 1146 in

209 1174 489 1217 defensionem
526 1173 614 1215 ueri
655 1173 883 1215 sententias
925 1172 1130 1224 adferam,
1175 1172 1275 1226 quid
1306 1172 1418 1214 orbis
1449 1173 1634 1214 uniuersi
1664 1174 1712 1214 de

209 1243 371 1286 animae
409 1243 522 1285 statu
552 1241 669 1284 nobis
708 1253 946 1295 concrepare
987 1241 1188 1283 iudicium
1219 1241 1261 1283 in
1295 1241 1359 1283 his
1392 1240 1610 1283 dumtaxat
1642 1241 1712 1294 qui
1727 1258 1760 1284 15

207 1311 356 1354 merito
389 1311 573 1354 enituere
609 1311 885 1353 conuincam?

343 1469 365 1504 3
389 1469 434 1505 cf.
458 1469 613 1515 August.
638 1469 680 1504 de
706 1468 773 1504 ciu.
799 1469 855 1504 dei
882 1469 932 1504 VI
956 1469 978 1504 2
1095 1469 1138 1504 12
1162 1468 1206 1504 cf.
1233 1468 1380 1504 Sallust.
1408 1468 1513 1503 Catil.
1540 1468 1571 1510 1,
1598 1468 1620 1502 2

276 1616 293 1650 1
333 1625 368 1650 re
407 1615 438 1651 S
571 1615 711 1650 neribus
748 1614 839 1650 coni.
874 1613 955 1650 Sch.
1092 1614 1114 1648 2
1145 1614 1272 1649 mareis
1304 1614 1439 1651 AH¹R
1578 1615 1710 1649 saeculi

206 1683 261 1718 sui
285 1683 323 1719 R
449 1684 471 1718 3
495 1684 557 1728 qui
582 1684 619 1718 in
644 1682 789 1718 musicis
813 1682 850 1718 R
981 1683 1004 1717 4
1028 1683 1114 1728 quid
1137 1683 1175 1717 in
1202 1683 1437 1718 arithmeticis
1463 1684 1502 1727 b,
1543 1683 1628 1728 quid
1653 1683 1710 1726 M,

205 1761 270 1786 om.
287 1751 374 1794 rell„
399 1751 506 1787 uncis
521 1751 670 1787 inclusit
695 1751 772 1786 Sch.
890 1750 929 1785 in
952 1754 1040 1786 ante
1065 1752 1292 1796 geometricis
1317 1755 1352 1787 et
1370 1755 1454 1787 ante
1480 1751 1707 1796 philosopho-

204 1831 330 1856 menon
360 1831 426 1857 om.
451 1822 471 1857 b
497 1821 576 1856 Sola.
715 1820 1020 1866 φιλοσοφομένων
1045 1821 1389 1865 (φιλοσοφουμένων
1419 1821 1604 1864 Galland.)
1632 1821 1709 1856 edi-

204 1905 316 1946 tores,
352 1902 398 1944 cf.
432 1912 519 1947 paq.
550 1904 606 1945 19,
638 1904 685 1937 16
829 1902 850 1936 5
887 1884 1106 1937 contendunt
1141 1901 1179 1938 R
1318 1902 1337 1936 7
1375 1903 1537 1937 aeternae
1573 1901 1709 1937 ΕἳίτἯι

205 1969 285 2005 Sch.
317 1970 361 2005 in
392 1971 508 2014 notis,
549 1971 703 2006 aeternis
735 1971 811 2006 rell.
845 1974 879 2006 et
909 1971 947 2014 b,
988 1972 1024 2006 et
1058 1971 1195 2006 arcanis
1225 1971 1407 2006 Barthius
1545 1973 1709 2006 aeternae

204 2040 309 2085 artis]
334 2040 562 2075 aeternitatis
593 2040 688 2075 coni.
714 2039 793 2075 Sch.
934 2040 1166 2075 abstrahebat
1188 2041 1288 2082 AB¹‚
1328 2040 1515 2076 abstrahat
1539 2040 1618 2076 HL

204 2110 226 2144 8
250 2109 454 2153 incorporea
475 2110 518 2153 1⁰²
656 2109 840 2154 delapsum
864 2109 1057 2154 HLRSffl
1193 2110 1215 2145 9
1239 2110 1302 2154 qui
1328 2109 1359 2145 S
1492 2110 1536 2145 10
1565 2111 1708 2145 zoroad·

203 2188 261 2223 his
296 2188 345 2230 G,
388 2188 553 2223 zoroadhi
586 2189 662 2224 rell.
800 2171 1030 2234 bragmafiim
1062 2190 1114 2233 A,
1159 2193 1393 2234 bragmanum
1424 2191 1501 2226 rell.
1535 2194 1567 2225 et
1597 2190 1617 2225 b

205 2259 248 2293 11
281 2257 521 2293 anacharsidis
554 2268 573 2292 e
596 2258 747 2303 scripsi,
788 2259 947 2293 anatarsi
978 2258 1020 2293 de
1047 2259 1098 2301 G,
1140 2259 1326 2294 anacharsi
1358 2269 1397 2294 ex
1421 2257 1476 2301 R,
1517 2259 1706 2294 anacharsi

204 2326 247 2361 de
277 2327 375 2368 rell„
417 2326 624 2361 anacharses
657 2337 675 2361 e
706 2327 745 2371 b,
787 2327 990 2362 anacharsis
1023 2338 1041 2362 e
1074 2328 1152 2364 Sch.
1293 2327 1378 2363 sitia
1409 2327 1443 2363 R
1581 2328 1705 2362 catone

203 2407 240 2441 A
379 2406 421 2442 12
458 2406 566 2451 crispi
606 2406 692 2450 6⁷8²,
732 2384 897 2453 cffffillli
932 2408 987 2451 A,
1027 2407 1209 2453 chrysippi
1246 2407 1419 2452 (crisippi)
1455 2408 1531 2443 rell.
1565 2410 1599 2442 et
1630 2406 1705 2442 edi-

203 2480 299 2512 tores
436 2476 480 2510 13
514 2475 676 2511 minandi
710 2476 747 2511 B
885 2477 1069 2522 inponitur
1106 2477 1143 2513 R
1282 2477 1324 2512 15
1356 2476 1406 2522 in]
1432 2476 1471 2511 ni
1499 2474 1618 2512 DEF

202 2544 258 2580 his
284 2554 351 2580 om.
375 2543 530 2580 BDEF
