1884 2998
208 136 289 178 132
717 131 962 168 Claudiani
986 131 1195 166 Mamerti

206 261 275 303 uia
313 258 507 302 ueritatis
546 270 715 300 scaeuae
745 257 1066 311 praedicationis
1104 257 1267 310 inpulsu
1298 256 1342 297 in
1374 255 1496 298 deuia
1527 255 1706 310 abrupta

205 327 417 382 propellis,
456 340 528 369 cur
558 327 806 381 sequestrari
837 328 1021 379 oportere
1054 338 1078 368 a
1108 337 1273 378 corpore
1305 335 1450 377 corpus
1479 324 1705 379 perhibes?

206 396 406 450 quidnam
446 395 571 450 istud,
615 402 780 449 quaeso,
818 395 1003 450 proderit
1040 394 1229 436 homini?
1267 406 1367 434 num
1398 392 1495 446 quia
1525 388 1705 436 honfinis

205 464 412 508 interioris
452 466 514 506 est
552 465 700 506 natura
740 463 946 514 subtilior,
990 475 1093 516 quae
1132 464 1272 505 tamen
1303 473 1383 503 non
1414 463 1477 503 est
1507 462 1586 503 nisi
1618 473 1706 504 cor-

203 545 292 588 pus,
333 533 485 575 idcirco
517 533 690 575 eandem
726 532 844 575 disici
881 532 1076 574 conuenit
1105 534 1229 585 atque
1264 531 1473 584 separari?
1503 531 1705 585 numquid
1737 547 1754 572 5

204 602 399 656 quoniam
430 602 472 643 in
504 601 580 643 hac
610 603 818 643 structura
849 601 1083 643 mundanae
1112 601 1232 642 molis
1264 599 1465 654 quaedam
1486 599 1707 642 subtiliora

204 672 246 712 et
290 670 460 721 leuiora,
508 670 710 724 quaedam
757 670 957 712 crassiora
1002 672 1125 723 atque
1172 669 1363 724 grauiora
1401 669 1512 719 sunt,
1554 669 1706 711 idcirco

205 738 464 781 tenuioribus
496 740 734 780 uniuersam
765 738 890 780 solidi
910 738 1033 780 huius
1055 738 1248 780 conuenit
1278 738 1438 792 rupisse
1468 749 1706 793 conpagem‚

204 808 278 850 6111
314 807 474 850 beatior
517 819 586 849 aer
625 807 716 858 erit,
749 808 783 848 si
815 819 909 849 cum
944 819 1049 860 aqua
1078 819 1125 849 ac
1154 807 1263 849 terra
1294 819 1373 849 non
1405 807 1560 849 fuerit?
1590 806 1704 848 hisce

204 875 453 929 falsiloquiis
486 875 926 930 circumgarrientibus
957 875 1080 917 istius
1112 876 1223 918 modi
1244 875 1326 918 fert
1346 875 1419 917 ille
1441 887 1752 929 responsumtio

204 955 461 998 quaenam
503 943 655 986 nobis
696 943 934 986 oboritur
972 944 1248 986 uerborum
1287 945 1443 999 nuda,
1479 944 1704 986 uirtutis

204 1023 377 1063 cassa,
417 1011 646 1054 rationis
683 1012 879 1062 aliena,
918 1013 1173 1055 ueritatis
1213 1024 1394 1065 uacua,
1436 1013 1704 1055 uanitatis

201 1093 348 1132 caua,
390 1080 672 1134 superbiae
709 1081 912 1124 tumida
949 1081 1150 1124 nouelli
1196 1082 1352 1124 huius
1397 1081 1704 1125 schismatis

201 1150 314 1192 sine
361 1152 583 1192 auctore
629 1150 896 1202 doctrina,
944 1151 1083 1193 elata
1124 1150 1446 1204 supercilio,
1493 1150 1704 1193 abiecta

199 1218 492 1268 mendacio,
538 1219 740 1260 referta
789 1219 1050 1274 conuicio,
1102 1218 1335 1262 creatori
1379 1219 1751 1273 potestatem15

199 1287 526 1341 subripiens,
559 1287 784 1341 imagini
815 1288 1155 1344 dignitatem,
1182 1301 1329 1343 quam
1360 1288 1490 1330 miro
1522 1288 1706 1331 stulti-

199 1355 309 1399 tiae
330 1369 520 1410 genere
543 1356 1020 1409 conparationibus
1043 1358 1389 1400 substantiae
1410 1358 1704 1411 corporalis

197 1423 425 1467 infamat
463 1424 711 1467 adserens
749 1425 963 1468 scilicet
994 1428 1097 1468 tam
1126 1425 1270 1468 nihil
1300 1427 1464 1468 animo
1494 1426 1704 1481 profore

197 1493 361 1546 quoad
406 1494 587 1536 ualeat
632 1505 846 1547 corpore
892 1496 1123 1547 secerni,
1170 1508 1318 1550 quam
1357 1508 1456 1538 non
1486 1497 1554 1538 sit
1597 1496 1703 1538 aeri

197 1561 537 1604 conducibile
568 1563 928 1606 crassioribus
966 1566 1254 1607 mundanae
1284 1565 1442 1607 molis
1473 1564 1749 1619 corpori-20

196 1629 288 1672 bus
333 1631 593 1684 separari.
644 1643 801 1684 porro
830 1632 996 1686 siqui
1034 1633 1168 1675 estis
1199 1633 1405 1688 uspiam
1436 1634 1701 1689 gentium,

196 1709 410 1752 quorum
455 1699 689 1753 ingeniis
735 1700 999 1743 cesserint
1042 1714 1231 1744 arcana
1275 1715 1569 1754 causarum,
1617 1703 1701 1745 ad-

195 1769 304 1808 este
351 1770 652 1823 praepetes,
698 1772 901 1811 uosmet
936 1772 1278 1824 ignorantiae
1316 1772 1571 1826 plectite,
1617 1785 1699 1814 no-

196 1847 312 1878 uum
344 1836 536 1891 dogma
565 1837 858 1880 miramini:
891 1839 1090 1882 animae
1120 1839 1439 1894 dignitatem
1470 1841 1702 1895 capessit

195 1904 244 1946 in
286 1904 459 1947 solido
505 1906 685 1954 mundi
727 1909 896 1961 portio
935 1909 1174 1962 corporis
1213 1913 1398 1964 quarta
1435 1911 1747 1954 mundani.25

263 2087 281 2121 1
308 2074 430 2122 εοῖᾱιω
455 2086 616 2131 ABGR,
658 2077 756 2125 sGeue
780 2089 907 2134 ΒΕΕ,
949 2101 1049 2126 saeue
1079 2092 1268 2136 GLMSb,
1309 2103 1433 2129 saeuae
1452 2104 1482 2139 p
1620 2095 1701 2130 inde

192 2141 253 2176 uia
283 2142 304 2177 b
442 2143 465 2179 4
497 2154 587 2188 quae
610 2146 743 2191 tamen]
776 2147 858 2191 quit
888 2148 925 2182 A
1062 2149 1138 2183 tam
1171 2148 1202 2184 S
1333 2150 1357 2185 5
1386 2150 1507 2185 eadem
1538 2151 1609 2187 Mb

192 2198 296 2234 disici
327 2200 380 2243 A,
423 2200 546 2237 dissici
569 2202 648 2238 rell.
672 2213 753 2239 cum
775 2204 850 2240 PT
869 2207 904 2241 et
928 2205 1028 2248 Sola,
1070 2206 1188 2242 disiici
1218 2207 1238 2242 b
1270 2253 1275 2257 .
1377 2209 1565 2244 conueniet
1587 2209 1645 2245 hic
1669 2213 1702 2246 et

190 2267 298 2310 infra
317 2278 346 2313 p
463 2268 484 2303 7
509 2270 678 2314 grauiora
695 2274 802 2317 atque
818 2273 990 2308 crassiora
1006 2274 1044 2310 R
1157 2275 1180 2310 8
1204 2258 1276 2311 soli¹
1300 2275 1330 2312 C
1442 2277 1464 2312 9
1488 2277 1561 2312 fuit
1579 2288 1609 2322 p

191 2324 236 2359 10
266 2324 321 2360 fer
351 2325 388 2362 R
520 2327 561 2361 11
588 2338 740 2374 quenam
764 2329 780 2364 1
804 2330 955 2376 quedam
979 2335 1175 2377 utrumque
1197 2333 1238 2368 in
1262 2337 1437 2370 contemtu
1460 2334 1506 2377 F,
1547 2345 1701 2379 quonam

185 2390 233 2424 p,
275 2381 447 2425 quaedam
471 2382 552 2419 Sch.
692 2385 794 2421 uobis
820 2386 852 2422 S
985 2389 1145 2424 aboritur
1168 2388 1246 2425 ΑΕ
1381 2391 1423 2426 12
1447 2401 1551 2426 061166
1581 2392 1612 2427 C'

189 2447 301 2472 uacua
318 2439 493 2474 uanitatis
510 2451 576 2476 om.
595 2442 666 2477 Mb
776 2443 820 2479 14
836 2444 868 2479 61
890 2445 922 2481 G
1027 2446 1069 2481 16
1086 2446 1222 2492 imagni
1238 2447 1268 2483 0
1383 2448 1423 2482 17
1438 2450 1699 2494 comparatione

190 2494 269 2530 OM
275 2494 313 2538 b,
353 2495 508 2539 fortasse
532 2499 785 2544 conparatione
808 2501 1036 2538 scribendum
1167 2504 1342 2549 corporali
1364 2506 1401 2541 R
1537 2507 1580 2541 19
1604 2507 1698 2551 quod

189 2551 235 2586 ad
272 2552 327 2595 Β,
369 2554 464 2598 (111011
500 2555 574 2591 Mb
721 2559 879 2604 corporis
916 2560 1003 2602 BG,
1044 2562 1178 2606 corpori
1213 2562 1401 2599 AGMRb
1549 2564 1696 2610 secerni]

190 2609 327 2644 aeterni
351 2609 439 2655 BC,
480 2612 622 2648 fecerim
647 2614 684 2650 R
821 2615 866 2650 22
891 2626 1039 2661 quorum
1067 2618 1150 2660 Gb,
1190 2629 1337 2663 quarum
1361 2620 1440 2655 rell.
1466 2624 1499 2656 et
1523 2620 1602 2656 Sch.

189 2676 235 2712 24
265 2679 417 2723 capescit
448 2679 548 2722 ΒΜ,
589 2665 753 2726 capescit⁶
774 2683 828 2727 A,
870 2684 1024 2728 capescit
1054 2685 1225 2729 capescite
1256 2686 1296 2721 F
1430 2687 1475 2723 25
1504 2688 1546 2723 in
1576 2688 1697 2723 uerbis

1057 2734 1220 2742 .........

188 2746 540 2790 portio—mundani
565 2749 734 2787 mendum
759 2751 874 2789 inesse
898 2752 1064 2796 affirmat
1089 2754 1268 2790 Barthius
