1884 2998
254 130 310 174 22
388 152 396 170 ⁷
651 164 653 166 .
771 127 1015 164 Claudiani
1040 128 1251 165 Mamerti

255 255 362 297 nihil
393 256 500 309 quod
530 255 598 297 uel
629 255 854 298 auctoritas
885 254 1026 296 iubeat
1056 255 1124 296 uel
1154 254 1259 297 ratio
1294 255 1464 297 suadeat
1505 255 1763 308 potissimum

256 324 454 375 dicentes,
498 327 639 378 spreta
668 324 881 378 paucitate
921 324 1136 366 doctorum
1165 325 1360 368 inludunt
1391 324 1603 378 inperitos,
1636 337 1764 378 quae

255 392 481 434 maxima
518 394 672 435 turba
709 395 798 434 est.
852 394 922 434 sed
967 395 1008 434 et
1045 392 1126 446 ipsi
1164 393 1214 435 ab
1256 393 1410 436 eisdem
1453 405 1552 446 quos
1595 393 1762 444 fallunt,

255 461 463 514 reciproca
493 461 699 503 inlusione
732 460 949 503 falluntur.
993 462 1216 503 laudantur
1251 474 1427 515 namque
1459 462 1643 514 falsoque
1672 461 1762 503 lau-

255 531 407 571 dantur
447 532 487 572 et
526 532 711 581 credunt,
753 543 830 583 quo
871 529 1023 571 mentis
1063 531 1216 571 sanitas
1260 530 1437 572 maxime
1487 529 1760 583 periclitatur.
1794 545 1811 571 5

254 598 414 640 accedit
445 599 497 640 ad
528 599 603 640 hoc
640 599 766 640 etiam
800 599 1023 640 acescentis
1056 611 1218 651 semper
1249 599 1394 641 liuoris
1427 598 1616 646 intentio,
1650 598 1762 640 inui-

256 666 394 709 dentis
442 668 568 709 animi
614 668 769 709 crimen
813 668 854 710 et
898 679 1039 720 poena.
1091 680 1187 709 nam
1227 667 1263 709 si
1310 667 1409 721 quid
1449 667 1500 709 ab
1534 667 1611 717 his,
1660 678 1761 720 quos

255 735 397 789 iniquo
438 736 650 778 lacessunt
690 735 797 784 odio,
840 736 892 777 ad
924 735 1155 777 utilitatem
1186 735 1398 789 publicam
1429 737 1517 777 ueri
1548 736 1761 788 prodatur,

255 804 468 846 diuersum
510 804 697 858 protinus
736 804 971 854 adstruunt,
1005 804 1085 846 etsi
1117 804 1226 845 idem
1256 805 1451 856 sentiant,
1484 815 1529 846 ac
1559 804 1619 845 sic
1649 804 1763 845 inex-

255 872 400 914 hausto
441 873 685 927 firmatoque
716 873 806 915 odio
846 885 938 914 cum
978 873 1053 921 his,
1096 885 1196 926 quos
1227 872 1307 914 sibi
1347 872 1482 914 odisse
1522 872 1763 913 institutum
1779 891 1811 916 ιο

253 942 329 996 est,
369 954 629 995 nequaquam
668 942 862 983 metuunt
902 941 1095 982 ueritatis
1136 940 1282 983 fecisse
1322 942 1539 983 iacturam.
1590 942 1763 982 oderunt

253 1010 385 1064 igitur
415 1011 661 1063 proximum,
695 1010 870 1051 oderunt
902 1013 942 1051 et
964 1011 1098 1052 deum.
1148 1010 1271 1063 atque
1302 1011 1343 1051 in
1365 1009 1430 1052 his
1462 1010 1619 1052 duobus
1645 1021 1761 1063 prae-

259 1080 474 1132 ceptorum
493 1080 677 1121 omnium
694 1080 905 1132 totiusque
929 1079 1030 1132 legis
1053 1079 1192 1132 spreta
1213 1078 1470 1132 plenitudine
1498 1091 1580 1120 non
1608 1079 1763 1119 miran-

257 1147 359 1189 dum
389 1149 464 1199 est,
497 1148 533 1189 si
564 1149 632 1190 uel
663 1149 712 1190 de
734 1147 808 1190 deo
840 1148 977 1189 uelde
1008 1147 1174 1188 homine
1206 1147 1330 1201 probe
1363 1159 1444 1189 non
1466 1147 1659 1196 sentiant,
1694 1146 1763 1199 qui

256 1217 480 1270 utrumque
511 1229 535 1258 a
558 1229 600 1258 se
632 1217 724 1258 odio
756 1216 962 1258 mediante
997 1217 1281 1271 longinquant.
1324 1217 1394 1257 sed
1417 1217 1520 1257 istoc
1541 1215 1761 1257 eorundem
1778 1232 1810 1259 15

256 1296 506 1338 quamquam
538 1285 742 1339 plectibili
773 1285 877 1326 uitio
910 1298 1077 1327 moueor
1109 1285 1269 1339 exilius,
1296 1285 1395 1338 quia
1416 1285 1494 1325 etsi
1517 1283 1764 1326 maliuolen-

254 1353 338 1395 tiae
385 1353 429 1394 in
475 1354 576 1395 alios
621 1354 708 1395 tela
753 1354 995 1404 moliuntur,
1043 1355 1122 1409 ipsi
1169 1355 1303 1408 magis
1352 1353 1528 1408 propriis
1575 1351 1763 1393 transfixi

255 1421 412 1464 ictibus
443 1423 618 1464 uulnera
645 1436 748 1476 quae
779 1423 928 1464 inferre
962 1425 1162 1466 conantur
1189 1423 1419 1477 excipiunt:
1452 1434 1629 1475 namque
1650 1423 1763 1464 odio-

256 1504 348 1532 rum
406 1491 591 1533 stimulis
651 1492 872 1534 eorundem
932 1492 1047 1546 prius
1097 1492 1327 1546 puniuntur
1387 1494 1587 1533 auctores.
1657 1489 1764 1531 illud

390 1626 497 1661 22³¹?

326 1752 342 1786 1
369 1752 427 1786 uel
452 1752 545 1797 quod
570 1752 725 1787 ABDF
851 1753 990 1787 ratione
1017 1753 1051 1788 G
1182 1753 1204 1787 2
1229 1753 1394 1788 ducentes
1418 1753 1574 1789 DEFG
1591 1754 1672 1789 Sch-

252 1809 418 1853 inperitis
458 1809 492 1844 G
661 1810 775 1845 uerba
812 1821 899 1855 quae
934 1811 1088 1844 maxima
1124 1810 1232 1845 turba
1268 1814 1322 1845 est
1358 1811 1559 1846 hexametri
1595 1811 1765 1847 clausula

253 1900 329 1924 esse
365 1890 548 1925 uidentur
756 1891 778 1925 4
813 1873 997 1934 reciproclla
1032 1890 1087 1934 R,
1135 1892 1274 1936 recepta
1312 1891 1351 1933 b,
1399 1892 1473 1927 scil.
1509 1891 1606 1936 quod
1640 1892 1683 1927 in
1718 1893 1768 1928 M

251 1959 504 2004 superscripta
529 1963 581 1994 est
602 1960 735 2005 ylossa:
777 1959 916 1994 reddito
942 1959 1126 1994 mendacio
1290 1959 1483 1994 laudantur
1507 1960 1557 2004 et]
1584 1960 1764 1995 laudanti-

253 2014 320 2060 bus
357 2014 526 2051 Schottus
677 2017 698 2051 6
734 2015 863 2051 accidit
898 2016 948 2050 M
1092 2015 1208 2051 adhuc
1244 2016 1428 2053 ABHRS
1577 2017 1765 2060 aciscentis

252 2072 449 2114 ABGRS¹‚
492 2073 686 2108 acessentis
713 2074 759 2116 G,
800 2073 1037 2108 adcrescentis
1061 2075 1125 2117 M,
1165 2074 1372 2109 lacessentis
1395 2074 1457 2109 Μ2
1480 2075 1521 2109 in
1544 2085 1669 2120 mara,
1701 2075 1767 2111 ubi

253 2129 461 2164 lacessentis
487 2140 622 2175 semper
646 2130 802 2166 intentio
826 2131 957 2165 omissa
983 2140 1068 2165 uoce
1092 2131 1220 2165 liuoris
1247 2134 1384 2174 exstat,
1416 2131 1645 2166 macescentis
1670 2132 1764 2166 coni.

253 2186 423 2221 Schottus
452 2187 494 2221 in
519 2188 617 2222 notis
756 2187 898 2232 liuoris]
931 2187 1040 2222 libros
1071 2188 1135 2230 M,
1175 2187 1308 2222 laboris
1340 2188 1377 2223 R
1517 2188 1536 2222 7
1569 2188 1693 2233 animi]
1726 2191 1765 2223 et

252 2243 339 2278 add.
375 2244 411 2279 R
551 2244 573 2278 8
604 2244 749 2289 iniquos
782 2244 973 2280 AB¹C¹R¹
1113 2244 1134 2278 9
1167 2245 1328 2278 sentiant
1359 2244 1451 2286 Mb,
1493 2245 1654 2279 sentiunt
1684 2247 1762 2281 rell.

251 2305 286 2336 et
324 2300 404 2336 Βοὴ.
547 2300 773 2336 inexhaustro
808 2302 844 2336 A
993 2301 1037 2336 10
1074 2301 1324 2346 offirmatoque
1361 2301 1453 2336 coni.
1490 2301 1671 2337 Barthius

252 2381 297 2415 12
332 2384 368 2415 et
401 2384 487 2416 ante
519 2381 623 2416 deum
654 2392 721 2417 om.
753 2382 838 2416 libri
866 2385 1017 2426 praeter
1048 2382 1097 2416 M
1130 2385 1164 2417 et
1197 2381 1366 2417 Schottus
1506 2383 1548 2418 13
1587 2364 1687 2427 sp‘eta
1723 2382 1761 2424 S,

251 2460 390 2484 summa
425 2449 446 2484 b
631 2451 672 2485 15
706 2452 796 2486 istoc
833 2450 1036 2485 DEFH²S
1070 2451 1131 2493 (ef.
1168 2450 1356 2493 indicem),
1397 2451 1490 2486 istuc
1531 2451 1644 2487 GMR
1669 2452 1762 2493 Seh„

249 2508 324 2541 ista
348 2507 440 2548 AB,
481 2508 589 2542 istinc
617 2508 651 2543 G
790 2508 834 2542 16
858 2508 1086 2552 quamquam]
1111 2510 1186 2542 tam
1218 2508 1251 2543 G
1389 2507 1530 2543 exillius
1555 2508 1769 2544 ABGG²H

249 2564 334 2606 RS,
383 2575 423 2599 ex
459 2564 536 2599 illis
573 2566 648 2601 Mb
788 2565 928 2610 exilius]
965 2567 1084 2600 tamen
1121 2565 1206 2601 add.
1243 2563 1364 2600 DEF
1495 2566 1764 2601 maliuolentiae

250 2632 317 2657 om.
347 2621 382 2658 G
511 2622 552 2657 17
579 2623 650 2657 alio
675 2623 750 2658 tela
775 2623 812 2666 b,
853 2622 943 2658 alios
969 2622 1059 2657 stela
1083 2623 1128 2657 M
1258 2623 1300 2657 18
1324 2622 1483 2658 hictibus
1508 2623 1545 2658 R
1662 2634 1762 2658 nam-

249 2691 331 2736 que]
358 2701 441 2725 nam
467 2701 618 2735 nequam
655 2691 696 2734 T,
738 2702 821 2726 nam
854 2670 939 2736 neq:
964 2691 1000 2727 R
1141 2692 1183 2727 19
1215 2691 1403 2727 earundem
1438 2691 1670 2729 AB¹H¹RS¹

249 2747 349 2792 prius
373 2758 440 2783 om.
466 2746 496 2783 S
