1884 2998
200 157 256 199 80
712 153 959 189 Claudiani
982 153 1193 189 Mamerti

199 282 416 333 iniustum,
468 282 509 323 et
550 279 746 334 quoniam
785 282 932 321 sancta
972 280 1111 322 anima
1150 281 1314 323 adfectu
1356 283 1469 324 casto
1504 282 1547 324 in
1578 284 1700 325 deum

199 351 371 405 rapitur,
413 349 695 392 animaduerte
735 360 811 390 nec
859 349 1233 402 peregrinationem
1279 349 1344 391 illi
1388 350 1566 392 localem
1611 363 1701 393 esse

198 432 273 461 nec
310 419 503 472 patriam.
554 419 754 471 numquid
785 418 828 459 in
858 417 937 459 hac
967 417 1055 460 uita
1087 419 1186 460 deus
1219 431 1312 461 cum
1344 419 1482 460 anima
1513 431 1592 461 non
1625 422 1699 469 est,

200 488 327 530 etiam
358 486 393 529 si
424 487 515 541 ipsa
546 499 639 528 cum
670 487 745 527 deo
775 497 856 527 non
888 485 974 527 sit?
1005 485 1119 528 aliud
1151 488 1259 528 enim
1293 489 1354 528 est
1385 500 1474 529 esse
1496 499 1590 529 cum
1616 487 1701 538 deo,
1728 506 1733 511 ·

198 556 310 598 aliud
340 567 419 598 non
450 567 537 597 esse
569 556 655 597 sine
686 553 772 605 deo,
815 555 911 608 quia
957 566 1038 595 non
1070 554 1257 597 localiter
1288 555 1340 597 ad
1384 555 1505 597 illum
1536 557 1702 598 uenitur
1724 570 1744 596 ⁵

199 638 274 667 nec
313 624 502 667 localiter
542 624 592 666 ab
633 623 705 665 illo
737 622 972 665 disceditur.
1023 623 1193 677 proinde
1226 625 1364 666 anima
1393 624 1468 666 illa
1500 636 1595 666 cum
1626 626 1700 667 deo

198 695 273 746 est,
305 706 408 748 quae
438 693 565 743 uidet,
599 692 674 734 1100
707 693 767 732 est
798 690 1008 745 intellegit
1039 692 1176 740 deum,
1207 694 1248 734 et
1279 693 1355 734 illa
1386 704 1481 734 cum
1511 692 1584 734 deo
1620 704 1701 735 non

198 766 276 818 est,
313 776 415 817 quae
447 763 589 815 utique
619 772 701 802 non
730 760 943 814 intellegit
974 761 1111 802 deum.
1163 763 1261 804 deus
1293 762 1431 804 autem
1462 761 1503 803 et
1534 761 1699 803 intelle-

197 832 311 886 genti
343 834 384 873 et
414 843 496 872 non
526 829 786 883 intellegenti
817 828 934 871 adest
955 828 1202 871 inlocaliter.
1250 829 1323 872 sed
1344 831 1383 872 in
1408 832 1574 872 tantum
1604 829 1702 872 istic

196 900 493 954 peregrinatur,
535 899 578 939 in
619 900 821 950 quantum
862 909 936 950 per
967 898 1226 952 uoluptatem
1259 911 1306 941 ac
1338 899 1495 941 dolores
1522 898 1699 951 corporis
1715 916 1749 940 ιο

196 981 268 1022 per
298 969 386 1010 loca
415 969 483 1009 uel
513 967 712 1019 tempora,
746 979 818 1019 per
849 967 1088 1020 phantasias
1120 968 1162 1008 et
1182 968 1478 1021 phantasmata
1498 981 1522 1009 a
1545 967 1700 1009 summi

197 1037 294 1080 boni
332 1036 678 1089 contemplatione
723 1038 954 1090 reuocatur,
993 1036 1100 1090 quod
1129 1038 1229 1078 tunc
1260 1039 1308 1079 ad
1341 1036 1461 1090 plene
1494 1048 1576 1078 non
1607 1035 1697 1087 erit,

197 1120 309 1150 cum
340 1104 692 1159 corruptibile
723 1104 811 1146 hoc
852 1104 1086 1147 induerit
1121 1104 1699 1158 incorruptibilitatem

197 1177 246 1218 et
276 1175 503 1217 mortale
534 1174 625 1216 hoc
654 1173 893 1215 induerit
931 1173 1388 1217 inmortalitatem.

254 1255 364 1308 Quae
405 1267 499 1297 cum
538 1254 599 1296 ita
639 1253 734 1306 sint,
775 1253 1066 1307 peregrinatur
1106 1253 1247 1295 anima
1285 1254 1330 1295 in
1371 1266 1549 1306 corpore,
1583 1253 1699 1294 cuius
1715 1271 1748 1297 15

196 1325 469 1377 corruptione,
512 1323 727 1365 debilitate
769 1325 891 1375 atque
931 1322 1162 1376 indigentia
1192 1335 1216 1363 a
1247 1322 1396 1376 patria,
1439 1322 1516 1363 1100
1561 1325 1624 1363 est
1676 1334 1699 1363 a

196 1393 269 1435 deo
314 1393 541 1447 separatur.
593 1394 693 1445 puto
736 1393 877 1433 autem
920 1391 1214 1444 substantiam,
1262 1391 1378 1433 cuius
1423 1391 1699 1444 peregrinatio

195 1462 325 1504 locale
366 1461 426 1503 est
465 1461 589 1514 atque
631 1472 872 1513 corporeum
920 1463 962 1501 et
1004 1460 1119 1501 cuius
1160 1461 1294 1513 patria
1333 1459 1616 1513 incorporeum
1656 1461 1699 1500 et

194 1530 379 1581 inlocale,
421 1541 501 1571 non
541 1529 746 1570 ueraciter
791 1529 874 1570 dici
917 1529 986 1570 uel
1027 1540 1261 1582 corpoream
1304 1528 1372 1570 uel
1410 1527 1599 1569 localem.
1654 1527 1699 1568 in

194 1599 267 1641 1110
299 1602 445 1641 autem·
469 1597 746 1652 peregrinatio
778 1609 859 1639 non
891 1598 982 1648 erit,
1016 1598 1132 1639 cuius
1165 1598 1279 1640 nullo
1311 1596 1497 1650 adpetitu
1533 1596 1697 1649 prolici-
1712 1614 1749 1639 20

195 1668 299 1719 etur,
345 1666 461 1708 nullo
505 1667 642 1708 renisu
688 1665 970 1720 occupabitur,
1017 1666 1131 1707 nullo
1175 1666 1353 1720 pondere
1397 1667 1697 1720 praepedietur.

194 1737 325 1791 patet,
362 1736 409 1777 ut
441 1734 631 1786 arbitror,
674 1736 856 1777 animam
887 1747 969 1777 non
999 1734 1042 1776 in
1073 1736 1187 1777 omni
1218 1746 1398 1787 corpore,
1431 1735 1503 1777 sed
1534 1734 1578 1776 in
1609 1747 1699 1776 car-

194 1805 280 1847 nali
321 1807 486 1846 tantum
527 1815 693 1858 corpore
732 1804 1000 1858 peregrinari,
1043 1804 1141 1858 quia
1182 1804 1347 1846 carnale
1379 1815 1525 1857 corpus
1556 1802 1700 1844 obuiat

197 1874 238 1915 et
268 1873 456 1927 spiritale
488 1875 696 1927 proximat
726 1873 988 1927 incorporeis.
1040 1884 1149 1927 ergo,
1182 1873 1229 1914 ut
1251 1872 1471 1925 aliquando
1490 1874 1538 1914 de
1559 1874 1700 1913 nostra

195 1945 375 1993 tantum,
418 1943 525 1984 sicut
566 1942 793 1995 praelocuti
834 1955 991 1993 sumus,
1034 1942 1268 1983 substantia
1309 1941 1568 1992 disseramus,
1606 1940 1698 1993 quis
1712 1958 1747 1984 25

195 2011 331 2065 potest
360 2011 582 2053 memoriae
613 2012 741 2054 solius
775 2011 942 2066 abyssos
974 2011 1127 2052 intueri
1158 2013 1198 2053 et
1230 2012 1347 2052 antra
1379 2011 1633 2063 penetrare?
1655 2008 1699 2050 in

333 2147 376 2181 13
408 2145 427 2181 I
451 2146 529 2181 Cor.
556 2147 607 2189 15,
634 2147 678 2181 53
692 2157 743 2191 sq.

265 2274 281 2307 1
321 2272 449 2308 effectu
485 2272 673 2308 BDEFR
812 2273 833 2307 2
870 2273 1058 2307 locabilem
1090 2273 1176 2307 libri
1202 2276 1355 2318 praeter
1387 2271 1494 2307 GMe
1520 2275 1550 2306 et
1576 2271 1698 2307 Schot-

194 2333 271 2365 tum
408 2330 431 2364 4
464 2330 494 2363 si
528 2340 594 2364 om.
627 2330 746 2364 ΑΒΗ
880 2331 935 2364 est
968 2331 1061 2364 enim
1095 2329 1126 2364 S
1258 2329 1278 2364 5
1312 2339 1383 2363 non
1416 2333 1501 2363 ante
1532 2340 1605 2363 esse
1631 2340 1700 2364 om.

198 2386 232 2422 G
361 2386 524 2420 lacaliter
548 2386 585 2422 R
716 2387 737 2420 9
762 2386 832 2420 ista
857 2386 1092 2430 ABDEFp2
1227 2386 1270 2420 10
1294 2386 1519 2420 uoluntatem
1544 2386 1700 2429 HLRS,

194 2444 399 2478 uoluntates
430 2443 463 2478 G
602 2443 667 2477 hac
691 2443 728 2478 R
866 2443 998 2477 doloris
1024 2443 1190 2478 ABH¹R
1328 2443 1371 2477 12
1396 2443 1539 2486 plenum
1561 2444 1606 2486 ρ’

197 2502 239 2536 13
265 2501 565 2545 incorruptionem
598 2500 631 2535 G
771 2500 812 2534 14
837 2500 902 2535 hoc
929 2501 1018 2542 Mb,
1060 2511 1125 2535 om.
1151 2501 1229 2535 rell.
1255 2503 1288 2534 et
1314 2499 1391 2534 Sch.
1526 2500 1568 2534 15
1593 2510 1698 2544 quae-

196 2569 344 2603 cumque
360 2558 411 2592 ita
430 2558 478 2592 sit
494 2558 566 2593 RT
698 2557 747 2591 sit
764 2557 968 2593 H¹MRTb
1104 2558 1146 2592 19
1164 2557 1325 2602 inlocale]
1343 2560 1397 2591 est
1413 2557 1499 2592 add.
1518 2557 1607 2592 M²b

195 2651 240 2685 20
264 2636 340 2695 i'llo]
366 2650 441 2683 loco
469 2648 502 2683 G
619 2649 663 2683 23
688 2650 821 2683 carnali
846 2650 882 2684 R
989 2650 1035 2684 24
1059 2651 1095 2684 in
1120 2649 1293 2694 corporeis
1317 2649 1337 2683 b
1450 2649 1495 2683 25
1519 2631 1698 2692 piolocuti

194 2708 248 2749 D,
289 2707 462 2752 prolocuti
487 2707 523 2742 R
549 2707 702 2742 editores
818 2708 950 2741 fuimus
979 2708 1012 2742 G
1135 2707 1179 2741 26
1204 2706 1347 2752 abyssos
1373 2706 1563 2740 memoriae
1588 2706 1698 2740 solius

194 2766 214 2800 b
234 2764 311 2800 Sch.
