1884 2998
234 143 314 184 128
748 141 991 176 Claudiani
1015 142 1223 177 Mamerti

230 267 328 321 quid
367 267 410 308 in
448 268 615 309 Timaeo
655 268 779 309 etiam
820 279 911 309 arce
952 267 1130 321 quadam
1163 270 1204 308 et
1234 269 1412 321 quodam
1452 268 1734 323 philosophiae

231 334 388 376 uertice
440 334 488 377 de
534 335 673 377 anima
721 336 1068 389 pronuntiauerit,
1110 336 1289 389 placitae
1334 336 1554 379 breuitatis
1598 339 1734 391 gratia

228 403 404 445 missum
435 403 551 446 facie.
605 417 735 458 neque
783 405 892 446 enim
933 404 1062 446 refert
1108 405 1159 446 ad
1201 404 1455 459 agnitionem
1501 405 1589 447 ueri
1634 405 1734 458 quid

229 472 277 513 de
309 473 451 515 eodem
482 473 642 527 saepius
664 472 838 526 quisque
871 472 1031 523 dixerit,
1065 485 1186 526 quam
1211 472 1309 526 quid
1332 475 1506 515 senserit
1529 486 1732 526 quaerere,

228 543 324 595 quia
362 541 404 582 in
436 553 557 595 saepe
596 541 718 583 dictis
758 553 831 583 nec
867 541 1030 583 uberior
1061 542 1124 582 est
1153 542 1334 595 cognitio
1365 554 1519 595 rerum,
1552 554 1644 583 cum
1677 542 1733 583 sit
1762 555 1778 581 ⁵

227 609 444 663 prolixitas
477 622 644 652 onerosa
675 609 908 652 uerborum.
960 611 1208 663 quapropter
1230 610 1273 650 in
1295 610 1621 651 adstructionem
1643 613 1732 653 ueri

226 679 360 733 magis
401 679 743 721 considerandum
783 679 847 720 est
886 679 983 731 quid
1021 690 1150 719 unum
1185 678 1312 720 multi
1351 678 1563 729 senserint,
1606 690 1731 731 quam

227 747 325 800 quid
370 759 475 788 unus
521 759 641 800 saepe
689 746 847 788 dixerit.
901 758 974 800 ego
1021 749 1160 787 tamen
1206 746 1438 795 Platonem,
1480 748 1602 799 prout
1639 759 1732 788 mea

228 814 363 868 opinio
404 816 478 865 est,
520 815 858 869 philosophorum
898 814 1083 856 omnium
1126 814 1275 856 merito
1315 814 1546 868 principem
1584 815 1630 856 in
1660 827 1731 856 ne-

226 884 385 937 gotium
418 895 609 936 praesens
648 882 919 924 admiratione
957 883 1020 924 sui
1050 882 1252 935 pellectus
1284 882 1437 923 testem
1468 895 1589 935 saepe
1619 882 1778 925 uoci-10

228 952 329 1000 taui,
378 951 606 1005 quamlibet
652 963 757 1004 quae
801 951 923 1005 plura
968 951 1062 992 istic
1105 950 1288 992 eiusdem
1346 951 1458 1004 legas
1504 950 1733 992 innumeris

227 1022 457 1074 conparata,
491 1032 593 1073 quae
625 1031 746 1072 super
770 1021 909 1061 anima
940 1019 1191 1070 dissertauit‚
1225 1031 1356 1071 pauca
1378 1019 1604 1061 admodum
1636 1031 1732 1061 cen-

226 1099 329 1130 seas,
381 1090 450 1130 sed
490 1099 564 1129 nec
603 1087 853 1141 Porphyrius
902 1086 1141 1128 Platonicus
1189 1085 1332 1127 multis
1373 1090 1467 1139 post
1514 1087 1731 1129 Platonem

227 1156 403 1198 saeculis
435 1168 458 1198 a
488 1157 690 1210 magistro
721 1156 886 1210 uspiam
917 1156 960 1197 in
991 1156 1068 1197 hac
1100 1156 1244 1197 eadem
1276 1168 1398 1197 causa
1420 1157 1623 1198 dissensit.
1670 1157 1733 1198 in-

226 1225 350 1266 lustri
383 1227 531 1279 quippe
561 1237 659 1267 uoce
689 1237 821 1279 genus
851 1224 1081 1266 humanum
1112 1237 1209 1266 suae
1241 1225 1459 1278 dignitatis
1493 1224 1781 1270 admonuit215

226 1293 273 1334 si
303 1293 468 1341 beati,
500 1294 650 1347 inquit,
674 1305 784 1334 esse
815 1293 1073 1343 uolumus,
1101 1304 1284 1346 corpus
1317 1295 1392 1335 est
1422 1305 1566 1335 omne
1598 1293 1733 1348 fugi-

227 1364 426 1405 endum.
476 1366 536 1404 est
566 1374 659 1417 ergo
693 1363 978 1415 incorporeum
1010 1362 1210 1415 quiddam
1240 1361 1284 1403 in
1315 1361 1448 1413 nobis,
1472 1362 1537 1403 cui
1558 1363 1733 1404 aduersa

226 1431 405 1484 corporis
443 1432 627 1474 uniuersi
669 1432 860 1487 contagio
892 1432 967 1480 est,
1007 1433 1049 1473 et
1080 1430 1179 1484 quid
1211 1431 1323 1472 istud
1354 1430 1445 1481 erit,
1481 1431 1561 1472 nisi
1592 1432 1730 1484 imago

226 1499 301 1553 dei,
336 1501 376 1541 et
407 1502 503 1554 quid
533 1501 670 1555 imago
703 1500 782 1549 dei,
814 1500 896 1542 nisi
927 1500 1131 1542 humanus
1164 1500 1359 1542 animus?
1398 1499 1469 1553 qui
1501 1499 1536 1541 si
1566 1499 1610 1541 in
1641 1512 1731 1541 cor-

226 1580 323 1621 pore
354 1569 499 1611 beatus
531 1581 619 1611 esse
651 1582 732 1611 non
762 1569 899 1623 potest
930 1569 972 1610 et
1002 1569 1267 1623 incorporeus
1292 1580 1372 1609 non
1396 1570 1470 1623 est,
1504 1579 1730 1621 numquam
1745 1588 1778 1614 20

227 1637 372 1679 beatus
405 1638 497 1689 erit,
532 1638 602 1691 qui
634 1639 722 1679 51116
753 1650 797 1679 56
826 1649 907 1679 non
939 1637 1033 1678 erit.

299 1830 315 1863 1
342 1831 441 1885 artae
469 1829 504 1865 G
638 1831 675 1864 et
700 1829 850 1874 quodam
876 1839 943 1864 om.
969 1829 1031 1864 M¹
1170 1828 1192 1863 2
1216 1828 1387 1863 bruitatis
1413 1827 1443 1862 S
1577 1827 1599 1862 3
1623 1828 1734 1862 refert

225 1921 291 1946 om.
318 1910 512 1946 ABDEF
635 1910 722 1955 ueri]
749 1911 824 1945 tam
850 1909 936 1945 add.
963 1909 1142 1945 Bwthius
1269 1909 1292 1943 4
1316 1890 1458 1943 detdem
1485 1907 1516 1943 S
1627 1917 1732 1952 quam

567 1968 580 1994 1
593 1967 622 1994 in
637 1969 773 2000 quantum

225 2001 287 2046 qui
324 2001 529 2045 ABHLR,
570 2012 675 2046 quam
713 2003 775 2046 qui
813 2001 843 2036 S
976 2002 999 2036 5
1035 2000 1128 2046 cum]
1167 2010 1271 2045 quam
1310 2000 1360 2034 M
1392 1999 1550 2035 editores
1579 2002 1734 2043 praeter

224 2069 422 2105 Barthium
529 2070 550 2105 6
568 2071 776 2115 quipropter
792 2070 827 2104 A
939 2070 983 2104 ad
1001 2069 1275 2104 instructionem
1291 2068 1328 2103 B
1443 2068 1463 2102 7
1489 2067 1582 2112 quod
1606 2068 1642 2101 A

223 2132 375 2184 senserit
400 2150 431 2185 S
565 2151 587 2185 8
619 2160 703 2195 ergo
730 2151 775 2194 1²²
913 2150 935 2184 9
964 2149 1155 2194 oppiniollll
1181 2148 1411 2194 phylosoforsi
1438 2148 1467 2183 S
1604 2147 1648 2181 10
1671 2146 1732 2181 ad-

224 2218 412 2252 mirationi
447 2218 503 2253 sui
539 2218 785 2263 ABHLRS¹,
826 2218 1073 2254 admirationis
1110 2219 1148 2252 111
1183 2218 1304 2253 DEF
1471 2216 1639 2261 deceptus
1675 2215 1732 2256 M,

223 2288 349 2331 captus
374 2287 394 2321 b
524 2288 565 2322 11
591 2288 652 2322 isti
676 2288 712 2322 A
837 2288 933 2332 leges
958 2287 978 2322 b
1098 2288 1136 2322 in
1161 2286 1321 2321 numeris
1347 2285 1422 2320 Seni
1555 2284 1599 2319 12
1624 2294 1731 2328 super

223 2366 266 2401 de
291 2367 329 2407 b,
371 2344 476 2412 supde’r
499 2368 548 2403 M
569 2367 626 2409 (de
649 2379 746 2402 man.
771 2371 872 2411 see),
913 2368 955 2402 de
980 2371 1014 2403 et
1038 2378 1188 2413 sequens
1213 2367 1333 2402 anima
1353 2366 1525 2412 yzossema
1550 2375 1623 2399 esse
1648 2374 1731 2400 cen-

222 2439 275 2471 set
301 2435 380 2471 Sch.
521 2437 562 2471 13
588 2436 774 2481 porfiricus
800 2437 984 2473 ABCRL
1002 2438 1036 2481 (c
1053 2437 1095 2471 in
1112 2437 1213 2480 raa),
1250 2435 1416 2480 porfirius
1441 2433 1614 2474 EFHM,
1650 2443 1732 2477 por-

224 2498 373 2560 phyri⁰us
413 2516 443 2550 S
578 2517 621 2552 14
653 2508 735 2553 56115
767 2518 823 2561 M,
864 2517 1026 2552 secundis
1059 2518 1079 2552 b
1220 2517 1262 2552 16
1298 2515 1463 2550 uolumus
1494 2524 1568 2549 esse
1603 2514 1640 2549 R

223 2586 278 2619 est
316 2595 384 2619 om.
420 2583 626 2620 ABDE¹F
761 2586 803 2621 17
839 2596 1044 2630 corporeum
1080 2584 1296 2622 A¹BGH¹R
1433 2582 1579 2627 quidam
1605 2582 1642 2618 R

224 2665 268 2699 18
292 2646 469 2718 cogitagiio
493 2665 549 2707 M,
591 2666 765 2710 cogitatio
791 2666 812 2701 b
950 2666 1041 2701 inud
1062 2668 1108 2709 122
1247 2665 1289 2700 19
1314 2664 1351 2698 in
1376 2673 1443 2698 om.
1469 2663 1488 2697 b
1627 2663 1672 2698 20
1696 2665 1733 2697 et

222 2733 448 2777 incorporeus
471 2744 540 2768 non
566 2737 620 2769 est
644 2745 711 2772 om.
736 2735 891 2770 BDEF
