1884 2998
540 85 599 120 De
624 86 751 120 statu
775 85 946 122 animae
978 88 1196 133 epilogus.
1537 89 1615 132 191

593 582 1134 659 EPILOGVS.

173 787 229 853 Si
259 822 338 852 non
368 810 471 852 haec
501 822 605 863 quae
636 811 687 853 ad
718 812 760 852 te
792 811 940 862 scribo,
978 811 1210 854 uenerande
1239 812 1318 863 uir,
1355 813 1617 857 discutienda

114 882 154 924 et
184 882 444 924 emendanda
474 881 822 933 transmitterem,
853 882 935 924 rite
965 884 1103 937 potuit
1132 883 1266 925 uideri
1298 884 1551 937 superfluum
1574 889 1618 928 et

114 952 273 993 elatum
303 952 447 993 docere
477 950 599 1000 uelle,
621 962 744 1003 quem
765 953 895 992 sciam
916 963 1049 1003 nosse,
1071 952 1112 992 et
1134 965 1182 993 ex
1203 953 1457 1006 paupertatis
1478 954 1618 1008 inopia

86 1020 210 1062 adare
257 1019 473 1073 dragmam
513 1018 563 1071 ei,
603 1019 674 1072 qui
718 1020 853 1060 multa
893 1018 1165 1061 scientiarum
1211 1020 1396 1063 abundat
1441 1023 1613 1066 talenta.

114 1087 211 1129 hinc
242 1087 392 1129 accidit
423 1088 531 1141 quod
569 1088 808 1130 libellorum
839 1100 863 1130 a
884 1101 950 1129 me
980 1089 1321 1131 transmissorum
1344 1090 1484 1145 editio,
1516 1104 1618 1145 quos

114 1156 421 1210 philosophicae
451 1156 556 1199 artis
588 1157 863 1199 subtilissima
893 1157 1175 1211 disputatione
1198 1158 1393 1212 disposui,
1426 1172 1492 1201 me
1514 1160 1615 1202 fecit

115 1226 285 1266 cautum
316 1227 439 1278 atque
469 1225 713 1275 sollicitum,
749 1226 798 1267 ut
828 1226 1050 1268 eorundem
1089 1226 1420 1281 intellegentiam
1462 1228 1616 1270 iudicio

114 1305 194 1335 non
225 1295 529 1335 committerem
560 1307 665 1348 meo,
705 1296 774 1336 sed
812 1294 863 1336 ad
901 1294 1070 1347 potioris
1106 1296 1301 1348 peritiam
1349 1296 1615 1347 destinarem,

67 1365 155 1404 met
187 1373 267 1403 non
298 1364 464 1404 tantum
485 1374 544 1413 ea,
577 1375 681 1416 quae
702 1375 811 1404 nunc
833 1376 880 1405 ex
902 1376 1043 1405 eorum
1064 1363 1240 1406 lectione
1262 1365 1436 1418 percepi,
1468 1377 1612 1407 uerum

111 1430 239 1472 etiam
283 1443 386 1485 quae
433 1431 704 1487 <unde>unde
756 1432 839 1474 iam
889 1432 1051 1485 pridem
1097 1433 1314 1474 memoriae
1362 1434 1616 1475 reseruanda

111 1500 310 1541 mandaui
349 1499 501 1542 iudicio
541 1502 612 1541 tuo
652 1500 862 1554 probanda
906 1501 1135 1544 transmisi.
1187 1501 1287 1543 bene
1333 1502 1487 1543 etenim
1533 1502 1614 1543 scit

111 1569 296 1622 dignatio
326 1569 399 1610 tua
430 1569 602 1611 minime
632 1581 704 1611 nos
726 1569 875 1611 habere
897 1581 1070 1622 quorum
1092 1570 1321 1612 conlatione
1342 1571 1392 1612 de
1413 1571 1487 1622 eis,
1510 1583 1614 1624 quae

112 1636 378 1690 ambigimus,
419 1637 531 1678 firmi
570 1638 822 1691 stabilesque
863 1638 1100 1680 reddamur.
1152 1639 1286 1679 omnis
1324 1640 1476 1681 natura
1506 1651 1611 1692 quae

66 1722 100 1748 15
112 1705 162 1746 ad
196 1706 318 1746 deum
357 1705 546 1758 peruenit
583 1706 735 1747 notitia
764 1706 927 1760 proprio
962 1705 1127 1747 nomine
1159 1708 1416 1760 conpellatur
1448 1710 1489 1749 et
1518 1708 1615 1749 ideo

115 1786 264 1815 nomen
295 1775 468 1815 naturae
498 1774 621 1816 unius
654 1774 851 1828 cuiusque
881 1774 942 1816 rei
974 1776 1218 1816 ostenditur.

170 1853 331 1897 Nomen
371 1867 466 1909 ergo
505 1856 642 1897 dixere
680 1857 847 1909 priores,
889 1856 996 1909 qnod
1035 1869 1119 1897 rem
1164 1856 1304 1898 notam
1335 1856 1471 1907 faciat,
1505 1855 1611 1909 quod

180 2046 201 2080 2
235 2047 323 2081 haec
355 2046 530 2090 epistula,
564 2057 656 2090 quae
681 2047 813 2092 epiloyi
837 2047 917 2081 uice
939 2047 1121 2091 fungitur,
1154 2047 1227 2081 solo
1251 2047 1370 2081 codiee
1395 2047 1441 2081 M
1463 2049 1613 2081 seruata

113 2106 165 2137 est
194 2104 272 2137 sirie
300 2104 378 2138 ulla
400 2104 686 2147 praescriptione
712 2104 945 2147 (Claudianus
971 2104 1008 2139 C.
1035 2104 1145 2137 Sollio
1179 2102 1324 2137 Sidonio
1351 2104 1553 2148 Apollinari
1578 2104 1613 2138 S.

110 2160 295 2204 inscripsit
319 2162 362 2204 p)
393 2171 510 2205 neque
533 2162 574 2195 iri
600 2160 737 2195 Schotti
760 2161 942 2195 codicibus
966 2161 1125 2205 epistula
1150 2161 1331 2203 exstabat,
1356 2172 1429 2204 qua
1453 2171 1492 2194 re
1517 2171 1612 2195 com—

110 2221 227 2251 motus
249 2217 312 2251 ille
337 2228 415 2252 eam
440 2229 464 2251 a
487 2218 672 2252 Mamerto
696 2218 928 2252 abiudicabat
1065 2219 1086 2252 3
1118 2219 1363 2252 transmittere
1388 2217 1451 2258 M,
1492 2219 1611 2251 trans-

111 2274 216 2307 mitto
241 2274 261 2308 b
388 2275 412 2308 4
435 2275 528 2308 uelle
553 2275 615 2318 M,
654 2274 785 2308 uellem
810 2275 846 2315 b,
882 2285 976 2309 corr.
1000 2275 1044 2318 p²
1164 2276 1270 2309 sciam
1295 2274 1443 2318 scripsi,
1481 2274 1610 2316 seciam

110 2331 175 2373 M,
212 2331 365 2365 sentiam
391 2331 411 2366 b
538 2331 558 2365 5
584 2331 898 2365 multo—talento
919 2343 947 2375 p
1071 2331 1255 2366 habundat
1280 2332 1329 2365 M
1452 2331 1472 2365 7
1498 2331 1611 2374 supti-

110 2387 251 2423 lissima
275 2388 323 2422 M
437 2389 458 2422 9
482 2399 559 2422 meo
585 2389 732 2432 scripsi,
770 2392 826 2422 mo
852 2389 914 2431 M,
952 2389 1054 2422 modo
1079 2388 1233 2422 editores
1358 2388 1395 2421 11
1423 2387 1611 2421 undeunde

111 2445 257 2488 scripsi,
306 2445 400 2479 unde
435 2446 498 2488 M,
547 2445 628 2479 inde
666 2446 703 2489 b,
751 2446 845 2479 unde
879 2456 952 2489 pro
989 2446 1173 2479 undeunde
1213 2445 1349 2479 dictum
1385 2455 1458 2479 esse
1493 2448 1611 2479 censet

111 2501 342 2536 Schenkelius
479 2503 629 2547 pridem]
655 2513 678 2548 p
704 2502 790 2537 add.
815 2503 904 2545 Mb,
943 2503 1010 2537 del.
1034 2514 1079 2546 p,
1117 2502 1178 2537 sed
1201 2503 1336 2536 rectius
1358 2502 1515 2544 fortasse
1537 2513 1610 2536 ser-

111 2559 210 2592 uatis
246 2559 440 2593 literarum
476 2560 643 2604 uestiyiis
676 2558 872 2606 p<dagata)
909 2559 1098 2594 addideris
1134 2559 1212 2593 coll.
1248 2569 1331 2603 pay.
1363 2561 1442 2600 104,
1473 2560 1519 2593 15

110 2615 275 2656 memorie
312 2618 356 2650 M
494 2616 537 2650 12
574 2617 778 2650 transmissi
814 2617 859 2650 M
999 2617 1040 2650 13
1078 2615 1221 2648 minime
1257 2625 1321 2648 nos
1357 2615 1394 2656 b,
1444 2615 1613 2649 minimos

110 2693 160 2728 M
293 2695 334 2729 17
359 2706 458 2740 pores
482 2696 530 2730 M
