1884 2998
613 87 672 123 De
697 89 825 123 statu
848 89 1023 124 animae
1047 90 1067 125 Ι
1094 90 1148 126 16.
1574 95 1626 138 61

125 212 304 267 perfecte
337 212 537 266 sapiente,
568 224 644 255 nec
675 213 784 267 quod
814 226 895 255 una
925 214 1172 259 omnimodis
1201 216 1313 258 uolet
1344 218 1491 269 anima,
1518 219 1629 261 mul-

124 283 190 324 tas
229 280 273 324 id
311 281 560 324 omnimodis
600 281 775 324 nolendo
817 281 909 336 plus
948 282 1068 335 uelle,
1106 296 1181 326 nec
1212 287 1318 338 quod
1349 298 1630 341 quaecumque

124 349 279 404 optime
309 349 562 405 meminerit,
593 349 750 392 multas
781 350 933 392 melius
970 352 1193 394 memoriae
1223 353 1449 396 tenacitate
1479 355 1628 398 memi-

124 418 246 461 nisse.
298 430 443 473 corpus
472 430 570 462 uero
601 419 644 460 et
673 418 769 471 plus
800 419 924 462 habet
956 421 1147 473 ponderis
1168 433 1365 475 magnum
1387 434 1510 475 quam
1530 435 1627 477 par-

96 501 238 542 suum,
279 490 321 530 et
350 487 526 530 ualidior
557 499 776 540 corporum
799 488 1026 530 multitudo
1048 501 1174 542 quam
1193 489 1392 544 paucitas,
1419 491 1461 532 et
1480 489 1626 532 fortius

127 555 342 610 quippiam
381 568 528 599 manus
568 555 741 607 multae,
782 568 908 610 quam
937 556 1127 612 singulae
1157 558 1226 600 uel
1255 558 1434 601 retinent
1462 559 1530 601 uel
1559 571 1631 601 su-

126 623 288 668 stinent
319 624 387 667 uel
415 624 666 679 propellunt.
716 637 825 668 nunc
866 626 1156 680 consequentia
1185 625 1480 680 disquiramuS.

814 816 942 871 XVI.

466 943 592 982 QVOD
623 943 799 975 ANIMAE
824 943 1146 977 INCORPOREAE
1177 945 1288 976 SINT.

78 1053 112 1078 10
181 1034 409 1088 Habent,
450 1034 601 1090 inquis,
643 1036 847 1079 animae
888 1048 1039 1078 secun
1051 1036 1166 1078 dum
1206 1049 1256 1078 se
1307 1049 1327 1079 e
1340 1048 1490 1091 orpus
1535 1049 1633 1092 quo

125 1103 452 1157 subsistunt,
483 1105 616 1147 licet
647 1105 873 1147 multum
904 1105 955 1146 et
983 1103 1462 1159 inconparabiliter
1483 1108 1630 1148 tenu-

124 1173 205 1215 ius
237 1186 390 1228 quam
420 1174 601 1217 nostra
631 1175 753 1216 sunt
784 1185 1010 1227 corpora.
1061 1173 1289 1226 accipiatur
1320 1174 1390 1223 ita,
1413 1174 1449 1215 si
1469 1175 1528 1216 ita
1550 1175 1626 1216 est.

124 1240 231 1283 illud
260 1242 506 1296 respondeas
536 1242 676 1294 uelim,
714 1243 807 1296 quis
838 1244 900 1284 est
920 1242 1001 1285 iste
1019 1242 1090 1296 qui
1112 1242 1232 1284 dicit:
1263 1242 1290 1284 h
1303 1255 1327 1285 a
1338 1242 1363 1284 b
1377 1255 1396 1284 e
1410 1244 1427 1284 t
1457 1255 1481 1285 a
1492 1242 1595 1285 nim
1605 1255 1629 1285 a

125 1321 315 1363 corpus
345 1310 834 1365 inconparabiliter
864 1310 1107 1362 tenuius,
1140 1323 1290 1365 quam
1311 1311 1492 1354 nostra
1509 1313 1631 1353 sunt

78 1395 111 1422 15
125 1389 177 1420 co
190 1391 210 1419 r
220 1391 246 1432 p
256 1390 278 1420 o
289 1392 310 1420 r
319 1391 343 1421 a
352 1381 372 1422 Ρ
404 1380 438 1422 si
469 1379 634 1422 animae
665 1380 793 1422 uerba
822 1380 903 1422 ista
933 1380 1042 1431 sunt,
1074 1380 1183 1434 quod
1213 1392 1357 1433 corpus
1389 1391 1477 1422 esse
1507 1391 1629 1422 suum

124 1447 238 1499 dicit,
271 1449 378 1501 quod
407 1447 497 1502 ipsa
527 1448 600 1502 est,
634 1449 708 1490 aut
737 1448 852 1491 istud
883 1448 991 1502 quod
1023 1448 1229 1490 sentificat
1260 1449 1506 1502 uegetatque
1538 1460 1627 1489 car-

123 1517 215 1558 nale
226 1517 247 1558 1³
276 1516 368 1571 ipsa
398 1518 507 1559 enim
538 1517 639 1559 dicit
663 1516 824 1559 anima:
854 1517 1020 1559 tenuius
1041 1516 1106 1559 est
1126 1529 1271 1571 corpus
1295 1517 1470 1568 animae,
1503 1529 1628 1570 quam

124 1597 268 1640 corpus
308 1598 462 1629 meum.
504 1586 612 1641 quod
655 1587 720 1629 est
750 1598 897 1640 corpus
928 1586 1038 1640 quod
1067 1598 1189 1629 suum
1220 1585 1332 1628 dicat
1365 1584 1516 1638 anima,
1548 1585 1630 1626 nisi

123 1654 231 1697 illud
271 1655 379 1709 quod
418 1654 508 1709 ipsa
548 1655 623 1711 est,
665 1654 701 1698 si
736 1667 881 1710 corpus
927 1657 991 1698 est
1024 1654 1195 1698 anima?
1224 1655 1298 1697 aut
1327 1654 1456 1709 igitur
1486 1653 1626 1696 anima

77 1742 111 1768 20
124 1735 270 1778 corpus
309 1726 371 1766 est
411 1737 486 1767 nec
523 1726 636 1767 recte
671 1736 817 1778 corpus
857 1724 970 1766 istud
1009 1735 1205 1767 carneum
1234 1735 1355 1765 suum
1385 1722 1498 1774 dicit,
1531 1722 1630 1775 quia

124 1793 264 1848 potius
295 1793 403 1836 illud
434 1794 499 1836 est
532 1806 655 1836 suum
687 1792 795 1847 quod
826 1793 917 1847 ipsa
946 1792 1021 1845 est,
1053 1795 1127 1835 aut
1158 1792 1193 1834 si
1223 1791 1337 1834 istud.
1367 1804 1510 1846 corpus
1540 1790 1630 1833 ani-

264 1917 307 1954 10
331 1918 377 1954 cf.
402 1929 484 1964 pag.
510 1918 562 1962 10,
587 1919 610 1953 4

196 2032 214 2067 1
248 2031 424 2077 perfectae
456 2031 653 2076 sapientiae
684 2029 935 2072 ABDF'PT,
984 2029 1135 2074 perfecte
1164 2029 1244 2072 (1:2²)
1282 2027 1474 2072 sapientiae
1502 2027 1542 2062 E

126 2088 310 2134 sapientes!
334 2088 372 2125 R
506 2099 549 2123 ne
574 2088 610 2123 B
749 2086 980 2122 omnismodis
1005 2086 1065 2128 M,
1108 2085 1270 2121 omnibus
1296 2085 1408 2119 modis
1433 2085 1453 2119 b
1476 2088 1634 2129 utroque

126 2156 202 2193 loco
348 2157 369 2191 2
407 2157 522 2191 uellell
558 2156 595 2192 R
737 2166 781 2190 ne
818 2155 948 2198 BHL,
995 2147 1052 2189 ne⁶
1088 2153 1118 2189 S
1250 2153 1342 2198 quod
1378 2151 1630 2198 quaecumque]

125 2214 289 2260 quodque
312 2224 460 2259 cumque
491 2213 544 2257 R,
587 2213 831 2258 quodcumque
861 2212 933 2247 Mb
1072 2211 1093 2245 6
1124 2210 1181 2244 uel
1214 2214 1296 2245 ante
1320 2210 1477 2244 retinent
1501 2219 1566 2244 om.
1591 2209 1628 2244 B

124 2293 243 2330 ΒΕΓ
377 2294 398 2328 7
433 2304 527 2329 nunc
564 2293 654 2331 Mb.
695 2292 755 2328 sed
788 2292 869 2328 rell.
1010 2268 1256 2336 disqueramus
1293 2288 1323 2324 S
1456 2289 1500 2324 10
1535 2289 1629 2333 quod

126 2351 268 2387 AB¹R¹
416 2350 455 2385 11
497 2350 612 2385 multo
651 2349 684 2385 G
830 2348 948 2383 tenuis
984 2347 1088 2391 BH1,
1130 2349 1232 2382 tenue
1269 2356 1312 2380 ecc
1349 2345 1465 2380 tenuis
1501 2344 1538 2381 R

128 2409 172 2444 12
196 2409 272 2444 sint
295 2407 552 2444 ABGDEFR
692 2407 736 2442 14
759 2405 1073 2451 incollporabiliter
1097 2404 1134 2440 R
1270 2402 1388 2436 tenuis
1413 2402 1459 2445 B,
1500 2403 1629 2436 tenuus

126 2466 187 2510 H,
227 2467 334 2501 tenue
365 2476 412 2501 ex
441 2465 573 2500 temnis
605 2464 702 2509 (εἰσί)
739 2462 775 2499 Β
913 2463 987 2497 sint
1021 2460 1338 2497 ABGDEFH¹R
1478 2458 1521 2494 15
1556 2469 1630 2494 esse

127 2534 191 2559 om.
230 2523 308 2558 Mb
447 2523 489 2558 16
526 2522 624 2557 dicat
655 2521 760 2565 (dicit
785 2520 841 2564 8²)
877 2531 980 2555 suum
1020 2518 1050 2554 S
1182 2517 1259 2561 aut]
1286 2517 1316 2550 si
1340 2515 1425 2550 add.
1460 2516 1549 2559 Mb,
1591 2526 1629 2550 se

127 2591 215 2628 add.
240 2592 420 2628 Bao-thius
559 2590 657 2625 istud
682 2600 751 2626 om.
776 2589 813 2626 R
952 2579 1087 2623 seificat
1115 2586 1151 2621 R
1287 2585 1482 2628 uegeatque
1511 2582 1543 2618 S

129 2649 171 2684 17
203 2651 321 2684 tenuis
350 2648 441 2691 BR,
482 2649 612 2683 tenuus
645 2647 690 2682 H
824 2646 867 2681 18
898 2645 983 2689 quid
1016 2644 1046 2679 S
1178 2644 1231 2676 est
1255 2652 1322 2676 o‘m.
1347 2640 1384 2675 B
1521 2640 1564 2674 19
1595 2639 1627 2675 si

129 2706 292 2743 E²GMb
310 2705 409 2750 Sela,
447 2716 513 2741 om.
538 2706 614 2741 rell.
