1884 2998
260 125 341 168 122
772 122 1016 157 Claudiani
1043 123 1248 157 Mamerti

256 249 437 292 refutare
477 251 702 304 doctorum,
745 249 845 302 quin
875 249 951 291 hoc
982 249 1092 290 idem
1123 250 1328 291 senserint
1358 249 1590 303 scriptoque
1621 250 1756 303 prodi-

257 318 393 359 derint
423 316 672 371 Archippus,
710 317 1027 371 Epaminondas,
1060 318 1262 368 Aristeus,
1295 316 1533 371 Gorgiades‚
1558 317 1758 360 Diodorus

257 388 298 426 et
337 397 478 427 omnes
516 385 777 439 Pythagorae
814 386 981 438 posteri,
1019 397 1191 439 quorum
1223 386 1420 427 uidelicet
1451 385 1677 440 nominum,
1709 400 1759 428 ne

256 453 394 495 dicam
432 453 729 495 sententiarum
768 453 1051 505 multitudine,
1084 455 1118 496 si
1150 455 1291 496 eadem
1322 453 1484 509 prodita
1514 454 1655 505 uelim,
1687 466 1759 497 uo—

255 523 398 564 lumen
429 522 650 564 efficerem.
1789 536 1805 562 5

312 601 450 654 Igitur
480 601 629 643 Platon
660 601 855 654 procedat
885 601 930 642 in
962 602 1157 654 medium,
1190 614 1212 643 a
1244 614 1321 656 quo
1358 615 1454 644 uere
1476 603 1606 645 claret
1635 615 1759 656 quam

255 681 453 723 magnum
497 670 539 711 in
578 671 712 710 semet
757 669 908 711 bonum
954 682 1083 723 genus
1124 671 1353 712 humanum
1393 671 1588 725 neglegat
1617 674 1760 713 nostro

254 739 498 792 praesertim
528 738 702 789 saeculo,
735 751 814 791 quo
846 737 969 779 dictis
1006 738 1207 792 factisque
1241 739 1417 780 caelitus
1450 740 1569 781 editis
1592 740 1759 781 eotenus

253 806 399 860 religio
431 806 686 849 conclamata
717 810 790 857 est,
824 810 870 849 ut
901 819 1030 860 paene
1062 807 1146 849 iam
1178 809 1369 849 credendi
1402 807 1541 849 labore
1572 808 1759 849 submoto

253 877 392 928 tepore
429 874 524 917 fidei
562 875 757 918 scientiae
797 876 980 918 fructum
1022 877 1212 930 capessat
1249 877 1485 930 laborisque
1531 875 1760 917 mercedem
1774 891 1806 917 ιο

254 955 374 996 opere
404 955 485 985 non
515 946 678 997 patrato
709 945 920 998 percipiat.
974 957 1052 998 quo
1084 945 1134 986 fit
1154 947 1202 986 ut
1223 945 1367 987 mirari
1390 944 1612 987 admodum
1634 943 1758 998 digne

253 1023 452 1064 nequeam
481 1012 604 1054 huius
635 1012 826 1054 Platonis
859 1014 1056 1062 animum,
1096 1014 1166 1067 qui
1202 1014 1330 1055 tantis
1363 1013 1554 1067 equidem
1586 1011 1760 1054 saeculis

255 1081 350 1121 ante
380 1080 644 1134 puerperium
674 1081 866 1135 uirginis,
903 1082 998 1123 ante
1029 1082 1361 1124 incarnationem
1391 1082 1471 1132 dei,
1506 1083 1602 1123 ante
1625 1080 1760 1122 homi-

252 1149 318 1191 nis
362 1149 713 1201 resurrectionem,
761 1153 856 1192 ante
902 1150 1186 1204 praedicatam
1238 1162 1423 1193 summae
1469 1149 1671 1191 trinitatis
1717 1148 1759 1189 in

252 1217 448 1272 gentibus
480 1217 688 1259 unitatem
721 1219 975 1261 ineffabilem
1006 1232 1089 1261 una
1118 1220 1203 1260 tres
1236 1219 1279 1260 in
1310 1219 1531 1260 diuinitate
1566 1230 1759 1272 personas
1774 1232 1808 1258 15

253 1285 454 1329 laudabili
485 1298 599 1340 ausu,
631 1287 818 1328 mirabili
849 1288 1027 1343 ingenio,
1066 1287 1309 1329 inimitabili
1346 1287 1508 1340 eloquio
1555 1287 1761 1340 quaesiuit

254 1353 416 1396 inuenit
455 1355 646 1408 prodidit,
695 1356 855 1409 patrem
894 1356 1018 1398 deum
1057 1357 1355 1410 paternamque
1398 1356 1592 1406 mentem,
1627 1358 1759 1397 artem

253 1423 341 1464 siue
383 1423 603 1465 consilium
648 1426 687 1466 et
728 1424 945 1478 utriusque
989 1425 1135 1466 horum
1181 1436 1362 1466 amorem
1407 1425 1601 1466 mutuum
1631 1436 1759 1465 unam

251 1503 458 1534 summam
503 1493 786 1546 aequiternam
832 1494 1054 1536 indiuisam
1098 1494 1363 1536 diuinitatem
1403 1505 1484 1535 non
1523 1492 1656 1536 solum
1698 1492 1760 1534 ita

252 1560 362 1602 credi
401 1563 590 1614 oportere
630 1562 785 1613 docuit,
824 1563 895 1604 sed
926 1563 986 1605 ita
1017 1575 1104 1605 esse
1137 1563 1329 1604 conuicit.
1381 1563 1624 1616 persuadere
1654 1560 1759 1602 mihi
1773 1577 1806 1602 20

252 1640 332 1670 non
363 1640 545 1682 possum,
579 1630 686 1683 quod
717 1630 951 1685 philosophi
991 1631 1112 1672 huius
1149 1631 1289 1672 anima
1319 1642 1509 1683 corporea
1540 1629 1681 1680 fuerit,
1714 1641 1760 1671 ac

250 1698 287 1738 si
337 1696 475 1739 forsan
520 1698 741 1751 praecipiti
779 1699 898 1753 lapsu
937 1699 1144 1742 stultitiae
1184 1700 1271 1741 ulla
1311 1699 1449 1741 anima
1488 1711 1635 1752 corpus
1674 1709 1760 1740 esse

251 1764 471 1808 iudicanda
502 1768 577 1818 est,
610 1766 705 1809 illas
737 1768 928 1821 equidem
967 1780 1181 1822 corporeas
1215 1767 1500 1818 iudicauerim‚
1532 1779 1637 1820 quae
1669 1778 1758 1808 cor-

322 1959 338 1992 1
374 1958 557 1994 doctorum
589 1961 747 1995 refutare
782 1960 812 1995 Β
946 1959 1133 1994 refutarim
1167 1958 1187 1993 b
1325 1958 1425 2003 quin]
1458 1958 1582 2003 quiin
1612 1957 1765 1993 BOGH

250 2015 369 2060 LRS,
420 2020 491 2060 quii
527 2018 603 2052 Mb
741 2017 763 2052 2
787 2016 971 2062 gorgiadis
1003 2017 1091 2051 libri
1115 2019 1269 2060 praeter
1302 2015 1337 2051 G
1476 2014 1681 2049 didiodorus
1713 2014 1760 2058 B,

248 2072 410 2107 uiodores
447 2074 484 2109 R
656 2075 678 2110 3
713 2074 864 2120 posteris
902 2073 1049 2114 BH¹R‚
1092 2074 1247 2117 posteres
1283 2071 1408 2107 H²LS
1578 2072 1601 2106 4
1636 2071 1760 2106 multi-

249 2140 412 2175 tudinem
448 2141 612 2177 DEFM
639 2143 797 2178 editores
928 2141 1024 2176 uelin
1061 2142 1115 2184 B,
1156 2141 1213 2176 uel
1249 2142 1288 2175 in
1324 2141 1417 2184 HR,
1459 2141 1534 2175 ueli
1569 2141 1606 2174 in
1644 2140 1675 2175 Β

248 2209 272 2244 8
304 2208 397 2253 quod
430 2210 466 2244 B
604 2212 749 2245 eatenus
781 2210 937 2246 editores
961 2213 1114 2255 praeter
1145 2210 1166 2245 b
1305 2210 1327 2244 9
1359 2209 1520 2244 credendi
1557 2187 1759 2251 C'E‘2GMb,

249 2276 475 2311 credentibus
511 2278 585 2315 rell.
625 2282 658 2313 et
695 2278 775 2313 Βοὴ.
992 2278 1037 2312 1Ο
1073 2279 1192 2322 tepore
1228 2277 1427 2319 Barthius,
1487 2278 1642 2321 tempore
1676 2276 1762 2311 libri

250 2337 282 2369 et
319 2333 476 2369 editores
614 2337 776 2380 capescat
809 2335 923 2370 ΑΒΕ
1060 2335 1103 2369 12
1140 2334 1462 2369 huius—saeculis
1493 2344 1559 2369 om.
1593 2333 1668 2368 Mb

248 2391 405 2425 animam
432 2391 513 2426 Sch.
654 2392 799 2437 quantis
824 2392 902 2427 BG
1042 2392 1085 2427 13
1109 2401 1320 2436 puerperum
1344 2390 1417 2426 BC
1545 2389 1606 2424 dni
1631 2390 1668 2426 R

251 2448 293 2482 15
329 2458 400 2483 una
436 2448 529 2492 Mb,
572 2459 679 2483 unum
718 2450 795 2484 rell.
821 2453 856 2484 et
881 2448 960 2483 Βοὴ.
1099 2447 1316 2483 ineffabilem
1350 2448 1539 2490 unitatem,
1578 2446 1761 2482 ineffabile

250 2515 359 2539 unum
385 2506 512 2540 suadet
538 2505 617 2541 Βοὴ.
759 2506 802 2541 16
834 2505 1032 2540 laudabilia
1057 2516 1124 2540 usu
1148 2505 1212 2548 M,
1253 2504 1429 2540 laudabili
1453 2515 1520 2539 usu
1546 2505 1566 2539 b
1704 2504 1759 2538 in-

249 2561 367 2607 genio]
394 2563 513 2597 studio
537 2562 592 2597 D²
707 2562 881 2597 imitabili
898 2562 1011 2597 MRb
1127 2561 1276 2606 eloquio]
1301 2561 1444 2606 ingenio
1462 2561 1498 2595 B
1615 2561 1658 2594 17
1685 2562 1761 2594 arte

251 2619 327 2653 siue
358 2618 506 2652 consilio
539 2620 614 2654 Mb
757 2619 799 2654 19
830 2618 1077 2663 diuinitatem]
1111 2618 1358 2653 aeternitatem
1390 2618 1464 2652 Mb
1605 2617 1659 2651 ita
1689 2627 1762 2651 non

251 2676 365 2711 solum
398 2676 426 2710 Β
563 2677 610 2712 20
640 2676 714 2721 sed]
751 2677 788 2711 et
817 2675 903 2711 add.
927 2675 1108 2711 Barthius
1247 2674 1403 2709 conciuit
1436 2673 1638 2716 ABHRS,
1678 2683 1761 2708 con-

250 2733 360 2771 sciuit
384 2732 439 2776 L,
480 2733 635 2768 concinit
660 2733 738 2768 Βοὴ.
