<?xml version="1.0" encoding="UTF-8"?>
<!DOCTYPE html PUBLIC "-//W3C//DTD XHTML 1.0 Transitional//EN"
    "http://www.w3.org/TR/xhtml1/DTD/xhtml1-transitional.dtd">
<html xmlns="http://www.w3.org/1999/xhtml" xml:lang="en" lang="en">
 <head>
  <title>
</title>
<meta http-equiv="Content-Type" content="text/html;charset=utf-8" />
  <meta name='ocr-system' content='tesseract 3.04.00' />
  <meta name='ocr-capabilities' content='ocr_page ocr_carea ocr_par ocr_line ocrx_word'/>
</head>
<body>
  <div class='ocr_page' id='page_1' title='image "./corpusscriptorum11clauuoft_0286.png"; bbox 0 0 1884 2998; ppageno 0'>
   <div class='ocr_carea' id='block_1_1' title="bbox 201 141 286 184">
    <p class='ocr_par' dir='ltr' id='par_1_1' title="bbox 201 141 286 184">
     <span class='ocr_line' id='line_1_1' title="bbox 201 141 286 184; baseline 0.012 -1"><span class='ocrx_word' id='word_1_1' title='bbox 201 141 286 184; x_wconf 86' lang='lat'>232</span> 
     </span>
    </p>
   </div>
   <div class='ocr_carea' id='block_1_2' title="bbox 203 263 683 349">
    <p class='ocr_par' dir='ltr' id='par_1_2' title="bbox 203 263 683 349">
     <span class='ocr_line' id='line_1_2' title="bbox 203 263 501 305; baseline -0.013 -5"><span class='ocrx_word' id='word_1_2' title='bbox 203 265 320 300; x_wconf 81' lang='lat' dir='ltr'>fetura</span> <span class='ocrx_word' id='word_1_3' title='bbox 343 263 421 305; x_wconf 94' lang='grc'><strong>205,</strong></span> <span class='ocrx_word' id='word_1_4' title='bbox 447 263 501 298; x_wconf 92' lang='grc'>11.</span> 
     </span>
     <span class='ocr_line' id='line_1_3' title="bbox 203 308 683 349; baseline -0.002 -5"><span class='ocrx_word' id='word_1_5' title='bbox 203 309 358 344; x_wconf 89' lang='lat' dir='ltr'>fideliter</span> <span class='ocrx_word' id='word_1_6' title='bbox 383 308 520 343; x_wconf 89' lang='lat' dir='ltr'>credere</span> <span class='ocrx_word' id='word_1_7' title='bbox 547 309 602 349; x_wconf 88' lang='grc'>56,</span> <span class='ocrx_word' id='word_1_8' title='bbox 628 308 683 343; x_wconf 88' lang='grc'>10.</span> 
     </span>
    </p>
   </div>
   <div class='ocr_carea' id='block_1_3' title="bbox 202 352 991 399">
    <p class='ocr_par' dir='ltr' id='par_1_3' title="bbox 202 352 991 399">
     <span class='ocr_line' id='line_1_4' title="bbox 202 352 991 399; baseline -0.003 -9"><span class='ocrx_word' id='word_1_9' title='bbox 202 356 289 390; x_wconf 89' lang='lat' dir='ltr'>fides</span> <span class='ocrx_word' id='word_1_10' title='bbox 326 354 542 399; x_wconf 88' lang='lat' dir='ltr'>perditorum</span> <span class='ocrx_word' id='word_1_11' title='bbox 572 354 627 395; x_wconf 87' lang='lat'>59,</span> <span class='ocrx_word' id='word_1_12' title='bbox 653 353 708 388; x_wconf 88' lang='lat'>13.</span> <span class='ocrx_word' id='word_1_13' title='bbox 755 353 850 387; x_wconf 91' lang='lat' dir='ltr'>bona</span> <span class='ocrx_word' id='word_1_14' title='bbox 885 352 955 387; x_wconf 90' lang='lat' dir='ltr'>fide</span> <span class='ocrx_word' id='word_1_15' title='bbox 988 366 991 389; x_wconf 67' lang='lat' dir='ltr'>f</span> 
     </span>
    </p>
   </div>
   <div class='ocr_carea' id='block_1_4' title="bbox 987 348 991 357">
    <p class='ocr_par' dir='ltr' id='par_1_4' title="bbox 987 348 991 357">
     <span class='ocr_line' id='line_1_5' title="bbox 987 348 991 357; baseline 0 0"><span class='ocrx_word' id='word_1_16' title='bbox 987 348 991 357; x_wconf 64' lang='lat' dir='ltr'>v</span> 
     </span>
    </p>
   </div>
   <div class='ocr_carea' id='block_1_5' title="bbox 272 399 991 441">
    <p class='ocr_par' dir='ltr' id='par_1_5' title="bbox 272 399 991 441">
     <span class='ocr_line' id='line_1_6' title="bbox 272 399 991 441; baseline -0.003 -7"><span class='ocrx_word' id='word_1_17' title='bbox 272 401 361 435; x_wconf 87' lang='lat' dir='ltr'>scire</span> <span class='ocrx_word' id='word_1_18' title='bbox 389 399 463 441; x_wconf 90' lang='lat'>126,</span> <span class='ocrx_word' id='word_1_19' title='bbox 491 399 545 434; x_wconf 94' lang='grc'>12.</span> <span class='ocrx_word' id='word_1_20' title='bbox 588 399 672 434; x_wconf 91' lang='lat' dir='ltr'>fidei</span> <span class='ocrx_word' id='word_1_21' title='bbox 696 400 838 433; x_wconf 88' lang='lat' dir='ltr'>nostrae</span> <span class='ocrx_word' id='word_1_22' title='bbox 863 399 955 433; x_wconf 92' lang='lat' dir='ltr'>ratio</span> <span class='ocrx_word' id='word_1_23' title='bbox 988 403 991 438; x_wconf 69' lang='lat' dir='ltr'>i</span> 
     </span>
    </p>
   </div>
   <div class='ocr_carea' id='block_1_6' title="bbox 273 445 697 491">
    <p class='ocr_par' dir='ltr' id='par_1_6' title="bbox 273 445 697 491">
     <span class='ocr_line' id='line_1_7' title="bbox 273 445 697 491; baseline -0.005 -10"><span class='ocrx_word' id='word_1_24' title='bbox 273 446 537 491; x_wconf 73' lang='lat' dir='ltr'>periclitabitur</span> <span class='ocrx_word' id='word_1_25' title='bbox 563 445 641 487; x_wconf 88' lang='grc'><strong>180,</strong></span> <span class='ocrx_word' id='word_1_26' title='bbox 665 445 697 479; x_wconf 89' lang='grc'>8.</span> 
     </span>
    </p>
   </div>
   <div class='ocr_carea' id='block_1_7' title="bbox 204 471 991 581">
    <p class='ocr_par' dir='ltr' id='par_1_7' title="bbox 204 471 991 581">
     <span class='ocr_line' id='line_1_8' title="bbox 204 471 991 536; baseline -0.005 -10"><span class='ocrx_word' id='word_1_27' title='bbox 204 492 301 526; x_wconf 74' lang='lat' dir='ltr'>fieri:</span> <span class='ocrx_word' id='word_1_28' title='bbox 342 491 428 536; x_wconf 85' lang='lat' dir='ltr'>quid</span> <span class='ocrx_word' id='word_1_29' title='bbox 465 491 672 526; x_wconf 84' lang='lat' dir='ltr'>hominibus</span> <span class='ocrx_word' id='word_1_30' title='bbox 708 489 774 524; x_wconf 70' lang='lat' dir='ltr'>fiat</span> <span class='ocrx_word' id='word_1_31' title='bbox 811 489 887 531; x_wconf 85' lang='lat'>123,</span> <span class='ocrx_word' id='word_1_32' title='bbox 923 489 953 523; x_wconf 88' lang='lat'>3.</span> <span class='ocrx_word' id='word_1_33' title='bbox 988 471 991 528; x_wconf 74' lang='grc' dir='ltr'>Ξ</span> 
     </span>
     <span class='ocr_line' id='line_1_9' title="bbox 271 535 991 581; baseline -0.007 -9"><span class='ocrx_word' id='word_1_34' title='bbox 271 538 458 581; x_wconf 54' lang='lat' dir='ltr'>imperata</span> <span class='ocrx_word' id='word_1_35' title='bbox 484 547 589 581; x_wconf 91' lang='lat' dir='ltr'>quam</span> <span class='ocrx_word' id='word_1_36' title='bbox 612 535 707 580; x_wconf 91' lang='lat' dir='ltr'>potis</span> <span class='ocrx_word' id='word_1_37' title='bbox 732 546 768 570; x_wconf 89' lang='lat' dir='ltr'>es</span> <span class='ocrx_word' id='word_1_38' title='bbox 792 545 957 580; x_wconf 80' lang='lat' dir='ltr'>praesens</span> <span class='ocrx_word' id='word_1_39' title='bbox 989 538 991 571; x_wconf 78' lang='grc' dir='ltr'><strong>ξ</strong></span> 
     </span>
    </p>
   </div>
   <div class='ocr_carea' id='block_1_8' title="bbox 271 582 520 624">
    <p class='ocr_par' dir='ltr' id='par_1_8' title="bbox 271 582 520 624">
     <span class='ocr_line' id='line_1_10' title="bbox 271 582 520 624; baseline -0.008 -7"><span class='ocrx_word' id='word_1_40' title='bbox 271 583 335 617; x_wconf 84' lang='lat' dir='ltr'>fito</span> <span class='ocrx_word' id='word_1_41' title='bbox 364 582 437 624; x_wconf 86' lang='lat'>174,</span> <span class='ocrx_word' id='word_1_42' title='bbox 466 582 520 616; x_wconf 89' lang='lat'>14.</span> 
     </span>
    </p>
   </div>
   <div class='ocr_carea' id='block_1_9' title="bbox 204 615 991 674">
    <p class='ocr_par' dir='ltr' id='par_1_9' title="bbox 204 615 991 674">
     <span class='ocr_line' id='line_1_11' title="bbox 204 615 991 674; baseline -0.005 -11"><span class='ocrx_word' id='word_1_43' title='bbox 204 629 312 674; x_wconf 87' lang='lat' dir='ltr'>figere</span> <span class='ocrx_word' id='word_1_44' title='bbox 350 627 474 672; x_wconf 86' lang='lat' dir='ltr'>pedem</span> <span class='ocrx_word' id='word_1_45' title='bbox 511 628 566 670; x_wconf 83' lang='lat'>65,</span> <span class='ocrx_word' id='word_1_46' title='bbox 603 627 637 665; x_wconf 80' lang='lat'>3,</span> <span class='ocrx_word' id='word_1_47' title='bbox 686 626 756 661; x_wconf 86' lang='lat' dir='ltr'>fixa</span> <span class='ocrx_word' id='word_1_48' title='bbox 794 625 957 660; x_wconf 85' lang='lat' dir='ltr'>uiuentia</span> <span class='ocrx_word' id='word_1_49' title='bbox 989 615 991 618; x_wconf 41' lang='lat'>¹</span> 
     </span>
    </p>
   </div>
   <div class='ocr_carea' id='block_1_10' title="bbox 274 674 387 717">
    <p class='ocr_par' dir='ltr' id='par_1_10' title="bbox 274 674 387 717">
     <span class='ocr_line' id='line_1_12' title="bbox 274 674 387 717; baseline -0.009 -8"><span class='ocrx_word' id='word_1_50' title='bbox 274 674 329 717; x_wconf 89' lang='lat'>74,</span> <span class='ocrx_word' id='word_1_51' title='bbox 355 675 387 709; x_wconf 89' lang='lat'>1.</span> 
     </span>
    </p>
   </div>
   <div class='ocr_carea' id='block_1_11' title="bbox 206 715 956 766">
    <p class='ocr_par' dir='ltr' id='par_1_11' title="bbox 206 691 991 766">
     <span class='ocr_line' id='line_1_13' title="bbox 206 715 956 766; baseline -0.008 -11"><span class='ocrx_word' id='word_1_52' title='bbox 206 720 424 766; x_wconf 88' lang='lat' dir='ltr'>figmentum</span> <span class='ocrx_word' id='word_1_53' title='bbox 449 717 637 762; x_wconf 73' lang='lat' dir='ltr'><strong>inperitiae</strong></span> <span class='ocrx_word' id='word_1_54' title='bbox 664 716 738 759; x_wconf 95' lang='lat'>129,</span> <span class='ocrx_word' id='word_1_55' title='bbox 757 715 810 750; x_wconf 93' lang='lat'>22.</span> <span class='ocrx_word' id='word_1_56' title='bbox 837 716 884 759; x_wconf 79' lang='lat' dir='ltr'>cf.</span> <span class='ocrx_word' id='word_1_57' title='bbox 900 715 956 754; x_wconf 93' lang='lat'>49,</span> 
     </span>
    </p>
   </div>
   <div class='ocr_carea' id='block_1_12' title="bbox 205 765 703 901">
    <p class='ocr_par' dir='ltr' id='par_1_12' title="bbox 205 765 703 901">
     <span class='ocr_line' id='line_1_14' title="bbox 274 765 703 849; baseline -0.007 -4"><span class='ocrx_word' id='word_1_58' title='bbox 274 765 543 846; x_wconf 46' lang='lat' dir='ltr'>{eginerariorum</span> <span class='ocrx_word' id='word_1_59' title='bbox 569 809 624 849; x_wconf 84' lang='lat'>25,</span> <span class='ocrx_word' id='word_1_60' title='bbox 649 808 703 843; x_wconf 88' lang='grc'>23.</span> 
     </span>
     <span class='ocr_line' id='line_1_15' title="bbox 205 854 565 901; baseline -0.008 -10"><span class='ocrx_word' id='word_1_61' title='bbox 205 856 406 901; x_wconf 88' lang='lat' dir='ltr'>figuraliter</span> <span class='ocrx_word' id='word_1_62' title='bbox 430 855 484 897; x_wconf 88' lang='grc'>29,</span> <span class='ocrx_word' id='word_1_63' title='bbox 510 854 565 889; x_wconf 88' lang='grc'>23.</span> 
     </span>
    </p>
   </div>
   <div class='ocr_carea' id='block_1_13' title="bbox 374 765 497 809">
    <p class='ocr_par' dir='ltr' id='par_1_13' title="bbox 374 765 497 809">
     <span class='ocr_line' id='line_1_16' title="bbox 374 765 497 809; baseline -0.033 -10"><span class='ocrx_word' id='word_1_64' title='bbox 374 765 477 809; x_wconf 78' lang='lat' dir='ltr'>plur.</span> <span class='ocrx_word' id='word_1_65' title='bbox 488 774 497 795; x_wconf 73' lang='lat' dir='ltr'>z</span> 
     </span>
    </p>
   </div>
   <div class='ocr_carea' id='block_1_14' title="bbox 545 762 991 807">
    <p class='ocr_par' dir='ltr' id='par_1_14' title="bbox 545 762 991 807">
     <span class='ocr_line' id='line_1_17' title="bbox 545 762 991 807; baseline -0.007 -9"><span class='ocrx_word' id='word_1_66' title='bbox 545 764 717 807; x_wconf 87' lang='lat' dir='ltr'>figmenta</span> <span class='ocrx_word' id='word_1_67' title='bbox 773 762 956 797; x_wconf 85' lang='lat' dir='ltr'>fallacium</span> <span class='ocrx_word' id='word_1_68' title='bbox 988 763 991 802; x_wconf 59' lang='grc' dir='ltr'>ἑ</span> 
     </span>
    </p>
   </div>
   <div class='ocr_carea' id='block_1_15' title="bbox 206 897 991 1000">
    <p class='ocr_par' dir='ltr' id='par_1_15' title="bbox 206 879 991 1000">
     <span class='ocr_line' id='line_1_18' title="bbox 206 897 958 947; baseline -0.006 -11"><span class='ocrx_word' id='word_1_69' title='bbox 206 902 359 947; x_wconf 86' lang='lat' dir='ltr'>figurare</span> <span class='ocrx_word' id='word_1_70' title='bbox 383 900 520 945; x_wconf 89' lang='lat' dir='ltr'>aliquid</span> <span class='ocrx_word' id='word_1_71' title='bbox 545 901 600 944; x_wconf 88' lang='grc'>66,</span> <span class='ocrx_word' id='word_1_72' title='bbox 618 899 650 934; x_wconf 90' lang='grc'>4.</span> <span class='ocrx_word' id='word_1_73' title='bbox 681 899 756 933; x_wconf 92' lang='lat' dir='ltr'>illic</span> <span class='ocrx_word' id='word_1_74' title='bbox 779 897 841 932; x_wconf 88' lang='lat' dir='ltr'>ubi</span> <span class='ocrx_word' id='word_1_75' title='bbox 866 897 958 932; x_wconf 89' lang='lat' dir='ltr'>loca·</span> 
     </span>
     <span class='ocr_line' id='line_1_19' title="bbox 275 943 991 1000; baseline -0.007 -19"><span class='ocrx_word' id='word_1_76' title='bbox 275 948 359 982; x_wconf 86' lang='lat' dir='ltr'>liter</span> <span class='ocrx_word' id='word_1_77' title='bbox 376 957 446 980; x_wconf 92' lang='lat' dir='ltr'>non</span> <span class='ocrx_word' id='word_1_78' title='bbox 460 948 514 980; x_wconf 87' lang='lat' dir='ltr'>est</span> <span class='ocrx_word' id='word_1_79' title='bbox 526 945 774 990; x_wconf 71' lang='lat' dir='ltr'>potentialiter</span> <span class='ocrx_word' id='word_1_80' title='bbox 787 943 956 978; x_wconf 86' lang='lat' dir='ltr'>circulum</span> <span class='ocrx_word' id='word_1_81' title='bbox 988 958 991 1000; x_wconf 36' lang='grc' dir='ltr'>ε’</span> 
     </span>
    </p>
   </div>
   <div class='ocr_carea' id='block_1_16' title="bbox 204 992 786 1124">
    <p class='ocr_par' dir='ltr' id='par_1_16' title="bbox 204 992 786 1124">
     <span class='ocr_line' id='line_1_20' title="bbox 274 992 565 1037; baseline -0.003 -11"><span class='ocrx_word' id='word_1_82' title='bbox 274 992 427 1037; x_wconf 89' lang='lat' dir='ltr'>figurare</span> <span class='ocrx_word' id='word_1_83' title='bbox 452 992 507 1032; x_wconf 89' lang='lat'>91,</span> <span class='ocrx_word' id='word_1_84' title='bbox 535 992 565 1025; x_wconf 89' lang='lat'>7.</span> 
     </span>
     <span class='ocr_line' id='line_1_21' title="bbox 206 1035 786 1083; baseline -0.005 -10"><span class='ocrx_word' id='word_1_85' title='bbox 206 1037 376 1083; x_wconf 87' lang='lat' dir='ltr'>figuratio</span> <span class='ocrx_word' id='word_1_86' title='bbox 401 1037 645 1072; x_wconf 85' lang='lat' dir='ltr'>formabilium</span> <span class='ocrx_word' id='word_1_87' title='bbox 676 1035 730 1078; x_wconf 91' lang='lat'>66,</span> <span class='ocrx_word' id='word_1_88' title='bbox 755 1035 786 1070; x_wconf 90' lang='lat'>7.</span> 
     </span>
     <span class='ocr_line' id='line_1_22' title="bbox 204 1082 638 1124; baseline -0.005 -6"><span class='ocrx_word' id='word_1_89' title='bbox 204 1085 307 1118; x_wconf 89' lang='lat' dir='ltr'>filum</span> <span class='ocrx_word' id='word_1_90' title='bbox 331 1093 478 1117; x_wconf 80' lang='lat' dir='ltr'>araneae</span> <span class='ocrx_word' id='word_1_91' title='bbox 502 1083 557 1124; x_wconf 87' lang='lat'>88,</span> <span class='ocrx_word' id='word_1_92' title='bbox 585 1082 638 1117; x_wconf 86' lang='lat'>13.</span> 
     </span>
    </p>
   </div>
   <div class='ocr_carea' id='block_1_17' title="bbox 204 1113 991 1172">
    <p class='ocr_par' dir='ltr' id='par_1_17' title="bbox 204 1113 991 1172">
     <span class='ocr_line' id='line_1_23' title="bbox 204 1113 991 1172; baseline -0.005 -9"><span class='ocrx_word' id='word_1_93' title='bbox 204 1129 323 1164; x_wconf 86' lang='lat' dir='ltr'>finalis</span> <span class='ocrx_word' id='word_1_94' title='bbox 350 1130 408 1170; x_wconf 89' lang='lat'>(=</span> <span class='ocrx_word' id='word_1_95' title='bbox 424 1128 462 1162; x_wconf 88' lang='lat' dir='ltr'>id</span> <span class='ocrx_word' id='word_1_96' title='bbox 487 1128 580 1172; x_wconf 92' lang='lat' dir='ltr'>quod</span> <span class='ocrx_word' id='word_1_97' title='bbox 605 1127 710 1161; x_wconf 89' lang='lat' dir='ltr'>finem</span> <span class='ocrx_word' id='word_1_98' title='bbox 734 1126 854 1171; x_wconf 86' lang='lat' dir='ltr'>habet)</span> <span class='ocrx_word' id='word_1_99' title='bbox 881 1125 957 1166; x_wconf 86' lang='lat'>112,</span> <span class='ocrx_word' id='word_1_100' title='bbox 988 1113 991 1148; x_wconf 75' lang='grc' dir='ltr'><strong><em>Ῑ</em></strong></span> 
     </span>
    </p>
   </div>
   <div class='ocr_carea' id='block_1_18' title="bbox 206 1174 752 1260">
    <p class='ocr_par' dir='ltr' id='par_1_18' title="bbox 206 1174 752 1260">
     <span class='ocr_line' id='line_1_24' title="bbox 275 1174 658 1216; baseline -0.005 -8"><span class='ocrx_word' id='word_1_101' title='bbox 275 1174 331 1208; x_wconf 89' lang='grc'>22.</span> <span class='ocrx_word' id='word_1_102' title='bbox 358 1174 434 1214; x_wconf 94' lang='grc'><strong>113,</strong></span> <span class='ocrx_word' id='word_1_103' title='bbox 463 1175 494 1208; x_wconf 95' lang='grc'>1.</span> <span class='ocrx_word' id='word_1_104' title='bbox 523 1174 599 1216; x_wconf 89' lang='grc'><strong>115,</strong></span> <span class='ocrx_word' id='word_1_105' title='bbox 625 1174 658 1208; x_wconf 90' lang='grc'>8.</span> 
     </span>
     <span class='ocr_line' id='line_1_25' title="bbox 206 1218 752 1260; baseline -0.004 -6"><span class='ocrx_word' id='word_1_106' title='bbox 206 1220 338 1255; x_wconf 90' lang='lat' dir='ltr'>findere</span> <span class='ocrx_word' id='word_1_107' title='bbox 363 1219 593 1254; x_wconf 76' lang='lat' dir='ltr'>altitudinem</span> <span class='ocrx_word' id='word_1_108' title='bbox 617 1219 672 1260; x_wconf 86' lang='lat'>90,</span> <span class='ocrx_word' id='word_1_109' title='bbox 700 1218 752 1252; x_wconf 89' lang='lat'>16.</span> 
     </span>
    </p>
   </div>
   <div class='ocr_carea' id='block_1_19' title="bbox 206 1262 991 1309">
    <p class='ocr_par' dir='ltr' id='par_1_19' title="bbox 206 1262 991 1309">
     <span class='ocr_line' id='line_1_26' title="bbox 206 1262 991 1309; baseline -0.009 -8"><span class='ocrx_word' id='word_1_110' title='bbox 206 1265 329 1301; x_wconf 85' lang='lat' dir='ltr'>finire:</span> <span class='ocrx_word' id='word_1_111' title='bbox 358 1266 397 1299; x_wconf 91' lang='lat' dir='ltr'>in</span> <span class='ocrx_word' id='word_1_112' title='bbox 431 1265 497 1299; x_wconf 90' lang='lat' dir='ltr'>hoc</span> <span class='ocrx_word' id='word_1_113' title='bbox 527 1264 671 1309; x_wconf 83' lang='lat' dir='ltr'>negotio</span> <span class='ocrx_word' id='word_1_114' title='bbox 697 1273 811 1297; x_wconf 90' lang='lat' dir='ltr'>sermo</span> <span class='ocrx_word' id='word_1_115' title='bbox 836 1262 958 1296; x_wconf 87' lang='lat' dir='ltr'>finitur</span> <span class='ocrx_word' id='word_1_116' title='bbox 989 1298 991 1309; x_wconf 18' lang='grc' dir='ltr'>Σ</span> 
     </span>
    </p>
   </div>
   <div class='ocr_carea' id='block_1_20' title="bbox 207 1307 957 1489">
    <p class='ocr_par' dir='ltr' id='par_1_20' title="bbox 207 1307 957 1489">
     <span class='ocr_line' id='line_1_27' title="bbox 276 1307 957 1354; baseline -0.006 -9"><span class='ocrx_word' id='word_1_117' title='bbox 276 1311 330 1349; x_wconf 86' lang='lat'>25,</span> <span class='ocrx_word' id='word_1_118' title='bbox 360 1311 415 1345; x_wconf 91' lang='grc'>10.</span> <span class='ocrx_word' id='word_1_119' title='bbox 454 1310 558 1345; x_wconf 87' lang='lat' dir='ltr'>finita</span> <span class='ocrx_word' id='word_1_120' title='bbox 583 1320 729 1354; x_wconf 89' lang='lat' dir='ltr'>corpora</span> <span class='ocrx_word' id='word_1_121' title='bbox 747 1314 805 1352; x_wconf 84' lang='lat'>(=</span> <span class='ocrx_word' id='word_1_122' title='bbox 822 1307 957 1349; x_wconf 86' lang='lat' dir='ltr'>finalia)</span> 
     </span>
     <span class='ocr_line' id='line_1_28' title="bbox 208 1356 713 1441; baseline -0.008 -4"><span class='ocrx_word' id='word_1_123' title='bbox 208 1356 473 1437; x_wconf 55' lang='lat' dir='ltr'>fimssffisff’fim</span> <span class='ocrx_word' id='word_1_124' title='bbox 499 1401 576 1441; x_wconf 82' lang='grc'><strong>145,</strong></span> <span class='ocrx_word' id='word_1_125' title='bbox 602 1401 633 1436; x_wconf 86' lang='lat'>8.</span> <span class='ocrx_word' id='word_1_126' title='bbox 660 1399 713 1434; x_wconf 94' lang='lat'>12.</span> 
     </span>
     <span class='ocr_line' id='line_1_29' title="bbox 207 1445 696 1489; baseline -0.006 -7"><span class='ocrx_word' id='word_1_127' title='bbox 207 1448 389 1482; x_wconf 89' lang='lat' dir='ltr'>firmatum</span> <span class='ocrx_word' id='word_1_128' title='bbox 413 1447 535 1481; x_wconf 88' lang='lat' dir='ltr'>odium</span> <span class='ocrx_word' id='word_1_129' title='bbox 560 1446 615 1489; x_wconf 87' lang='grc'>22,</span> <span class='ocrx_word' id='word_1_130' title='bbox 643 1445 696 1480; x_wconf 91' lang='grc'>10.</span> 
     </span>
    </p>
   </div>
   <div class='ocr_carea' id='block_1_21' title="bbox 207 1537 889 1720">
    <p class='ocr_par' dir='ltr' id='par_1_21' title="bbox 207 1537 889 1720">
     <span class='ocr_line' id='line_1_30' title="bbox 275 1537 503 1578; baseline 0 -5"><span class='ocrx_word' id='word_1_131' title='bbox 275 1539 366 1573; x_wconf 89' lang='lat' dir='ltr'>tatis</span> <span class='ocrx_word' id='word_1_132' title='bbox 390 1537 445 1578; x_wconf 90' lang='lat'>20,</span> <span class='ocrx_word' id='word_1_133' title='bbox 471 1538 503 1573; x_wconf 92' lang='lat'>6.</span> 
     </span>
     <span class='ocr_line' id='line_1_31' title="bbox 207 1583 466 1625; baseline -0.008 -5"><span class='ocrx_word' id='word_1_134' title='bbox 207 1584 330 1620; x_wconf 87' lang='lat' dir='ltr'>fistula</span> <span class='ocrx_word' id='word_1_135' title='bbox 355 1584 410 1625; x_wconf 94' lang='lat'>73,</span> <span class='ocrx_word' id='word_1_136' title='bbox 435 1583 466 1618; x_wconf 91' lang='lat'>2.</span> 
     </span>
     <span class='ocr_line' id='line_1_32' title="bbox 207 1627 739 1670; baseline -0.006 -5"><span class='ocrx_word' id='word_1_137' title='bbox 207 1630 374 1665; x_wconf 85' lang='lat' dir='ltr'>flaccente</span> <span class='ocrx_word' id='word_1_138' title='bbox 399 1629 580 1664; x_wconf 84' lang='lat' dir='ltr'>sententia</span> <span class='ocrx_word' id='word_1_139' title='bbox 604 1629 659 1670; x_wconf 86' lang='lat'>31,</span> <span class='ocrx_word' id='word_1_140' title='bbox 685 1627 739 1662; x_wconf 89' lang='lat'>21.</span> 
     </span>
     <span class='ocr_line' id='line_1_33' title="bbox 207 1674 889 1720; baseline -0.003 -10"><span class='ocrx_word' id='word_1_141' title='bbox 207 1676 402 1720; x_wconf 88' lang='lat' dir='ltr'>flagrantia</span> <span class='ocrx_word' id='word_1_142' title='bbox 427 1677 544 1709; x_wconf 89' lang='lat' dir='ltr'>castae</span> <span class='ocrx_word' id='word_1_143' title='bbox 569 1674 728 1708; x_wconf 89' lang='lat' dir='ltr'>caritatis</span> <span class='ocrx_word' id='word_1_144' title='bbox 753 1674 808 1716; x_wconf 89' lang='lat'>56,</span> <span class='ocrx_word' id='word_1_145' title='bbox 835 1674 889 1708; x_wconf 87' lang='grc'>18.</span> 
     </span>
    </p>
   </div>
   <div class='ocr_carea' id='block_1_22' title="bbox 921 138 1057 173">
    <p class='ocr_par' dir='ltr' id='par_1_22' title="bbox 921 138 1057 173">
     <span class='ocr_line' id='line_1_34' title="bbox 921 138 1057 173; baseline 0 0"><span class='ocrx_word' id='word_1_146' title='bbox 921 138 1057 173; x_wconf 84' lang='lat' dir='ltr'>Index</span> 
     </span>
    </p>
   </div>
   <div class='ocr_carea' id='block_1_23' title="bbox 1025 262 1783 1349">
    <p class='ocr_par' dir='ltr' id='par_1_23' title="bbox 1088 262 1783 1261">
     <span class='ocr_line' id='line_1_35' title="bbox 1088 262 1773 307; baseline 0.007 -12"><span class='ocrx_word' id='word_1_147' title='bbox 1088 272 1151 296; x_wconf 87' lang='lat' dir='ltr'>nec</span> <span class='ocrx_word' id='word_1_148' title='bbox 1183 262 1398 296; x_wconf 83' lang='lat' dir='ltr'>extrinsecus</span> <span class='ocrx_word' id='word_1_149' title='bbox 1423 262 1621 298; x_wconf 88' lang='lat' dir='ltr'>adhibenda</span> <span class='ocrx_word' id='word_1_150' title='bbox 1644 264 1773 307; x_wconf 89' lang='lat' dir='ltr'>forent,</span> 
     </span>
     <span class='ocr_line' id='line_1_36' title="bbox 1089 307 1775 354; baseline 0.007 -14"><span class='ocrx_word' id='word_1_151' title='bbox 1089 308 1120 341; x_wconf 92' lang='lat' dir='ltr'>si</span> <span class='ocrx_word' id='word_1_152' title='bbox 1143 307 1199 348; x_wconf 89' lang='lat'>44,</span> <span class='ocrx_word' id='word_1_153' title='bbox 1225 307 1257 340; x_wconf 90' lang='grc'>2.</span> <span class='ocrx_word' id='word_1_154' title='bbox 1288 307 1319 341; x_wconf 85' lang='lat' dir='ltr'>si</span> <span class='ocrx_word' id='word_1_155' title='bbox 1343 317 1507 350; x_wconf 85' lang='lat' dir='ltr'>corporea</span> <span class='ocrx_word' id='word_1_156' title='bbox 1539 309 1639 352; x_wconf 90' lang='lat' dir='ltr'>foret,</span> <span class='ocrx_word' id='word_1_157' title='bbox 1665 311 1775 354; x_wconf 89' lang='lat' dir='ltr'>parti-</span> 
     </span>
     <span class='ocr_line' id='line_1_37' title="bbox 1091 352 1775 397; baseline 0.006 -11"><span class='ocrx_word' id='word_1_158' title='bbox 1091 353 1175 387; x_wconf 90' lang='lat' dir='ltr'>bilis</span> <span class='ocrx_word' id='word_1_159' title='bbox 1200 353 1293 386; x_wconf 83' lang='lat' dir='ltr'>foret</span> <span class='ocrx_word' id='word_1_160' title='bbox 1318 353 1371 395; x_wconf 91' lang='lat'>66,</span> <span class='ocrx_word' id='word_1_161' title='bbox 1394 352 1447 387; x_wconf 89' lang='lat'>17.</span> <span class='ocrx_word' id='word_1_162' title='bbox 1472 355 1564 397; x_wconf 89' lang='lat' dir='ltr'>quod</span> <span class='ocrx_word' id='word_1_163' title='bbox 1582 355 1675 390; x_wconf 89' lang='lat' dir='ltr'>foret</span> <span class='ocrx_word' id='word_1_164' title='bbox 1691 356 1775 389; x_wconf 79' lang='lat' dir='ltr'>libi-</span> 
     </span>
     <span class='ocr_line' id='line_1_38' title="bbox 1090 397 1774 442; baseline 0.003 -10"><span class='ocrx_word' id='word_1_165' title='bbox 1090 400 1168 432; x_wconf 90' lang='lat' dir='ltr'>tum</span> <span class='ocrx_word' id='word_1_166' title='bbox 1195 397 1270 439; x_wconf 86' lang='lat'>137,</span> <span class='ocrx_word' id='word_1_167' title='bbox 1299 398 1350 432; x_wconf 90' lang='grc'>16.</span> <span class='ocrx_word' id='word_1_168' title='bbox 1384 399 1430 441; x_wconf 78' lang='lat' dir='ltr'>ef.</span> <span class='ocrx_word' id='word_1_169' title='bbox 1455 397 1511 441; x_wconf 91' lang='lat'>44,</span> <span class='ocrx_word' id='word_1_170' title='bbox 1537 399 1588 434; x_wconf 90' lang='lat'>13.</span> <span class='ocrx_word' id='word_1_171' title='bbox 1618 401 1694 442; x_wconf 89' lang='lat'>104,</span> <span class='ocrx_word' id='word_1_172' title='bbox 1719 401 1774 434; x_wconf 90' lang='lat'>20.</span> 
     </span>
     <span class='ocr_line' id='line_1_39' title="bbox 1092 443 1777 487; baseline 0.003 -9"><span class='ocrx_word' id='word_1_173' title='bbox 1092 443 1169 486; x_wconf 87' lang='grc'><strong>131,</strong></span> <span class='ocrx_word' id='word_1_174' title='bbox 1194 444 1223 478; x_wconf 92' lang='lat'>6.</span> <span class='ocrx_word' id='word_1_175' title='bbox 1252 443 1329 484; x_wconf 88' lang='lat'>141,</span> <span class='ocrx_word' id='word_1_176' title='bbox 1356 443 1409 477; x_wconf 90' lang='lat'>15.</span> <span class='ocrx_word' id='word_1_177' title='bbox 1439 443 1513 485; x_wconf 88' lang='lat'>180,</span> <span class='ocrx_word' id='word_1_178' title='bbox 1541 445 1593 480; x_wconf 91' lang='lat'>16.</span> <span class='ocrx_word' id='word_1_179' title='bbox 1630 446 1706 487; x_wconf 88' lang='lat'>204,</span> <span class='ocrx_word' id='word_1_180' title='bbox 1731 446 1777 480; x_wconf 89' lang='lat'>30</span> 
     </span>
     <span class='ocr_line' id='line_1_40' title="bbox 1092 489 1773 535; baseline 0.004 -11"><span class='ocrx_word' id='word_1_181' title='bbox 1092 493 1154 526; x_wconf 85' lang='lat' dir='ltr'>ete.</span> <span class='ocrx_word' id='word_1_182' title='bbox 1182 509 1219 514; x_wconf 97' lang='lat'><strong>—</strong></span> <span class='ocrx_word' id='word_1_183' title='bbox 1247 489 1322 523; x_wconf 87' lang='lat' dir='ltr'>fore</span> <span class='ocrx_word' id='word_1_184' title='bbox 1346 490 1424 532; x_wconf 82' lang='lat' dir='ltr'>fere</span> <span class='ocrx_word' id='word_1_185' title='bbox 1447 489 1542 524; x_wconf 84' lang='lat' dir='ltr'>idem</span> <span class='ocrx_word' id='word_1_186' title='bbox 1566 492 1661 535; x_wconf 80' lang='lat' dir='ltr'>quod</span> <span class='ocrx_word' id='word_1_187' title='bbox 1685 503 1773 526; x_wconf 87' lang='lat' dir='ltr'>esse:</span> 
     </span>
     <span class='ocr_line' id='line_1_41' title="bbox 1093 535 1771 582; baseline 0.003 -13"><span class='ocrx_word' id='word_1_188' title='bbox 1093 535 1271 569; x_wconf 87' lang='lat' dir='ltr'>adfectum</span> <span class='ocrx_word' id='word_1_189' title='bbox 1297 535 1543 577; x_wconf 89' lang='lat' dir='ltr'>inpassibilem</span> <span class='ocrx_word' id='word_1_190' title='bbox 1569 538 1639 571; x_wconf 89' lang='lat' dir='ltr'>fore</span> <span class='ocrx_word' id='word_1_191' title='bbox 1657 538 1771 582; x_wconf 86' lang='lat' dir='ltr'>(quid)</span> 
     </span>
     <span class='ocr_line' id='line_1_42' title="bbox 1092 579 1775 624; baseline 0.003 -9"><span class='ocrx_word' id='word_1_192' title='bbox 1092 580 1298 615; x_wconf 89' lang='lat' dir='ltr'>conuincam</span> <span class='ocrx_word' id='word_1_193' title='bbox 1316 579 1371 622; x_wconf 88' lang='lat'>29,</span> <span class='ocrx_word' id='word_1_194' title='bbox 1390 579 1422 613; x_wconf 83' lang='lat'>2.</span> <span class='ocrx_word' id='word_1_195' title='bbox 1443 582 1683 624; x_wconf 87' lang='lat' dir='ltr'>praecauenda</span> <span class='ocrx_word' id='word_1_196' title='bbox 1699 582 1775 617; x_wconf 85' lang='lat' dir='ltr'>fore</span> 
     </span>
     <span class='ocr_line' id='line_1_43' title="bbox 1092 627 1776 670; baseline 0.004 -11"><span class='ocrx_word' id='word_1_197' title='bbox 1092 627 1270 660; x_wconf 86' lang='lat' dir='ltr'>nouerant</span> <span class='ocrx_word' id='word_1_198' title='bbox 1294 627 1572 670; x_wconf 87' lang='lat' dir='ltr'>apocryphorum</span> <span class='ocrx_word' id='word_1_199' title='bbox 1604 638 1696 662; x_wconf 86' lang='lat' dir='ltr'>uana</span> <span class='ocrx_word' id='word_1_200' title='bbox 1719 628 1776 670; x_wconf 90' lang='lat'>25,</span> 
     </span>
     <span class='ocr_line' id='line_1_44' title="bbox 1092 670 1776 707; baseline 0.003 -2"><span class='ocrx_word' id='word_1_201' title='bbox 1092 670 1148 707; x_wconf 89' lang='grc'><strong>21.</strong></span> <span class='ocrx_word' id='word_1_202' title='bbox 1193 672 1233 705; x_wconf 89' lang='lat' dir='ltr'>ut</span> <span class='ocrx_word' id='word_1_203' title='bbox 1268 671 1617 707; x_wconf 85' lang='lat' dir='ltr'>incontaminabilem</span> <span class='ocrx_word' id='word_1_204' title='bbox 1645 673 1776 707; x_wconf 90' lang='lat' dir='ltr'>diuini-</span> 
     </span>
     <span class='ocr_line' id='line_1_45' title="bbox 1092 716 1776 760; baseline 0.004 -9"><span class='ocrx_word' id='word_1_205' title='bbox 1092 716 1182 751; x_wconf 82' lang='lat' dir='ltr'>tatis</span> <span class='ocrx_word' id='word_1_206' title='bbox 1197 717 1386 751; x_wconf 85' lang='lat' dir='ltr'>essentiam</span> <span class='ocrx_word' id='word_1_207' title='bbox 1399 717 1603 760; x_wconf 90' lang='lat' dir='ltr'>passibilem</span> <span class='ocrx_word' id='word_1_208' title='bbox 1616 719 1688 753; x_wconf 87' lang='lat' dir='ltr'>fore</span> <span class='ocrx_word' id='word_1_209' title='bbox 1704 729 1776 753; x_wconf 86' lang='lat' dir='ltr'>cre-</span> 
     </span>
     <span class='ocr_line' id='line_1_46' title="bbox 1093 761 1778 804; baseline 0.003 -7"><span class='ocrx_word' id='word_1_210' title='bbox 1093 762 1217 797; x_wconf 89' lang='lat' dir='ltr'>damus</span> <span class='ocrx_word' id='word_1_211' title='bbox 1243 761 1296 804; x_wconf 90' lang='lat'>30,</span> <span class='ocrx_word' id='word_1_212' title='bbox 1316 762 1347 796; x_wconf 94' lang='lat'>2.</span> <span class='ocrx_word' id='word_1_213' title='bbox 1387 772 1450 796; x_wconf 87' lang='lat' dir='ltr'>nos</span> <span class='ocrx_word' id='word_1_214' title='bbox 1467 765 1566 797; x_wconf 81' lang='lat' dir='ltr'>extra</span> <span class='ocrx_word' id='word_1_215' title='bbox 1582 763 1688 799; x_wconf 89' lang='lat' dir='ltr'>fidem</span> <span class='ocrx_word' id='word_1_216' title='bbox 1705 765 1778 798; x_wconf 84' lang='lat' dir='ltr'>fore</span> 
     </span>
     <span class='ocr_line' id='line_1_47' title="bbox 1092 806 1776 854; baseline 0.003 -12"><span class='ocrx_word' id='word_1_217' title='bbox 1092 808 1305 852; x_wconf 85' lang='lat' dir='ltr'>pronuntias</span> <span class='ocrx_word' id='word_1_218' title='bbox 1330 806 1384 849; x_wconf 87' lang='lat'>33,</span> <span class='ocrx_word' id='word_1_219' title='bbox 1417 807 1449 842; x_wconf 84' lang='lat'>2.</span> <span class='ocrx_word' id='word_1_220' title='bbox 1476 818 1515 842; x_wconf 79' lang='lat' dir='ltr'>ex</span> <span class='ocrx_word' id='word_1_221' title='bbox 1538 820 1607 854; x_wconf 87' lang='lat' dir='ltr'>quo</span> <span class='ocrx_word' id='word_1_222' title='bbox 1632 812 1695 844; x_wconf 86' lang='lat' dir='ltr'>aut</span> <span class='ocrx_word' id='word_1_223' title='bbox 1719 810 1776 844; x_wconf 89' lang='lat' dir='ltr'>cui</span> 
     </span>
     <span class='ocr_line' id='line_1_48' title="bbox 1094 853 1775 897; baseline 0.001 -10"><span class='ocrx_word' id='word_1_224' title='bbox 1094 853 1246 888; x_wconf 84' lang='lat' dir='ltr'>similem</span> <span class='ocrx_word' id='word_1_225' title='bbox 1272 853 1427 887; x_wconf 89' lang='lat' dir='ltr'>animam</span> <span class='ocrx_word' id='word_1_226' title='bbox 1446 854 1519 888; x_wconf 83' lang='lat' dir='ltr'>fore</span> <span class='ocrx_word' id='word_1_227' title='bbox 1537 855 1702 890; x_wconf 89' lang='lat' dir='ltr'>decernat</span> <span class='ocrx_word' id='word_1_228' title='bbox 1718 855 1775 897; x_wconf 85' lang='lat'>47,</span> 
     </span>
     <span class='ocr_line' id='line_1_49' title="bbox 1093 899 1777 945; baseline 0.001 -12"><span class='ocrx_word' id='word_1_229' title='bbox 1093 899 1150 933; x_wconf 88' lang='grc'>20.</span> <span class='ocrx_word' id='word_1_230' title='bbox 1198 899 1385 934; x_wconf 85' lang='lat' dir='ltr'>ostendens</span> <span class='ocrx_word' id='word_1_231' title='bbox 1425 900 1602 934; x_wconf 87' lang='lat' dir='ltr'>terrenum</span> <span class='ocrx_word' id='word_1_232' title='bbox 1651 911 1777 945; x_wconf 88' lang='lat' dir='ltr'>corpus</span> 
     </span>
     <span class='ocr_line' id='line_1_50' title="bbox 1091 943 1778 987; baseline 0.001 -7"><span class='ocrx_word' id='word_1_233' title='bbox 1091 944 1199 980; x_wconf 84' lang='lat' dir='ltr'>ctiam</span> <span class='ocrx_word' id='word_1_234' title='bbox 1218 955 1357 979; x_wconf 90' lang='lat' dir='ltr'>carnem</span> <span class='ocrx_word' id='word_1_235' title='bbox 1374 943 1448 977; x_wconf 86' lang='lat' dir='ltr'>fore</span> <span class='ocrx_word' id='word_1_236' title='bbox 1465 945 1518 987; x_wconf 89' lang='lat'>54,</span> <span class='ocrx_word' id='word_1_237' title='bbox 1539 946 1591 979; x_wconf 93' lang='lat'>10.</span> <span class='ocrx_word' id='word_1_238' title='bbox 1617 946 1778 981; x_wconf 90' lang='lat' dir='ltr'>animad-</span> 
     </span>
     <span class='ocr_line' id='line_1_51' title="bbox 1091 989 1777 1038; baseline 0.003 -14"><span class='ocrx_word' id='word_1_239' title='bbox 1091 991 1209 1025; x_wconf 88' lang='lat' dir='ltr'>uertas</span> <span class='ocrx_word' id='word_1_240' title='bbox 1260 990 1341 1024; x_wconf 89' lang='lat' dir='ltr'>licet</span> <span class='ocrx_word' id='word_1_241' title='bbox 1393 989 1511 1025; x_wconf 87' lang='lat' dir='ltr'>defore</span> <span class='ocrx_word' id='word_1_242' title='bbox 1549 991 1610 1038; x_wconf 87' lang='lat'>(=</span> <span class='ocrx_word' id='word_1_243' title='bbox 1646 991 1777 1033; x_wconf 87' lang='lat' dir='ltr'>deesse)</span> 
     </span>
     <span class='ocr_line' id='line_1_52' title="bbox 1093 1035 1778 1079; baseline 0.001 -9"><span class='ocrx_word' id='word_1_244' title='bbox 1093 1035 1173 1070; x_wconf 81' lang='lat' dir='ltr'>fixis</span> <span class='ocrx_word' id='word_1_245' title='bbox 1199 1035 1405 1070; x_wconf 89' lang='lat' dir='ltr'>uiuentibus</span> <span class='ocrx_word' id='word_1_246' title='bbox 1430 1037 1596 1079; x_wconf 89' lang='lat' dir='ltr'>animam,</span> <span class='ocrx_word' id='word_1_247' title='bbox 1623 1037 1682 1072; x_wconf 90' lang='lat' dir='ltr'>sed</span> <span class='ocrx_word' id='word_1_248' title='bbox 1708 1048 1778 1071; x_wconf 88' lang='lat' dir='ltr'>non</span> 
     </span>
     <span class='ocr_line' id='line_1_53' title="bbox 1094 1081 1778 1124; baseline 0.001 -9"><span class='ocrx_word' id='word_1_249' title='bbox 1094 1081 1209 1115; x_wconf 71' lang='lat' dir='ltr'>defore</span> <span class='ocrx_word' id='word_1_250' title='bbox 1247 1081 1483 1124; x_wconf 81' lang='lat' dir='ltr'>incorpoream</span> <span class='ocrx_word' id='word_1_251' title='bbox 1515 1084 1626 1116; x_wconf 87' lang='lat' dir='ltr'>uitam</span> <span class='ocrx_word' id='word_1_252' title='bbox 1662 1082 1715 1124; x_wconf 87' lang='lat'>74,</span> <span class='ocrx_word' id='word_1_253' title='bbox 1746 1082 1778 1116; x_wconf 90' lang='lat'>1.</span> 
     </span>
     <span class='ocr_line' id='line_1_54' title="bbox 1092 1124 1783 1169; baseline 0.003 -8"><span class='ocrx_word' id='word_1_254' title='bbox 1092 1127 1140 1167; x_wconf 81' lang='lat' dir='ltr'>cf.</span> <span class='ocrx_word' id='word_1_255' title='bbox 1165 1126 1219 1168; x_wconf 90' lang='lat'>58,</span> <span class='ocrx_word' id='word_1_256' title='bbox 1245 1126 1275 1160; x_wconf 91' lang='lat'>5.</span> <span class='ocrx_word' id='word_1_257' title='bbox 1304 1126 1378 1168; x_wconf 88' lang='lat'>108,</span> <span class='ocrx_word' id='word_1_258' title='bbox 1398 1124 1429 1159; x_wconf 88' lang='grc'><strong>3.</strong></span> <span class='ocrx_word' id='word_1_259' title='bbox 1456 1127 1603 1169; x_wconf 91' lang='lat'>113,19.</span> <span class='ocrx_word' id='word_1_260' title='bbox 1630 1128 1783 1168; x_wconf 87' lang='lat'>116,11.</span> 
     </span>
     <span class='ocr_line' id='line_1_55' title="bbox 1093 1170 1778 1217; baseline 0.004 -12"><span class='ocrx_word' id='word_1_261' title='bbox 1093 1172 1169 1213; x_wconf 88' lang='grc'><strong>117,</strong></span> <span class='ocrx_word' id='word_1_262' title='bbox 1204 1172 1256 1205; x_wconf 90' lang='grc'>14.</span> <span class='ocrx_word' id='word_1_263' title='bbox 1290 1172 1364 1214; x_wconf 89' lang='grc'><strong>124,</strong></span> <span class='ocrx_word' id='word_1_264' title='bbox 1397 1170 1429 1205; x_wconf 91' lang='grc'>2.</span> <span class='ocrx_word' id='word_1_265' title='bbox 1464 1173 1539 1215; x_wconf 90' lang='lat'>125,</span> <span class='ocrx_word' id='word_1_266' title='bbox 1566 1174 1617 1207; x_wconf 88' lang='lat'>13.</span> <span class='ocrx_word' id='word_1_267' title='bbox 1651 1174 1727 1217; x_wconf 90' lang='lat'>127,</span> <span class='ocrx_word' id='word_1_268' title='bbox 1745 1174 1778 1212; x_wconf 77' lang='lat'>5,</span> 
     </span>
     <span class='ocr_line' id='line_1_56' title="bbox 1094 1217 1695 1261; baseline 0.005 -10"><span class='ocrx_word' id='word_1_269' title='bbox 1094 1217 1169 1260; x_wconf 85' lang='lat'>133,</span> <span class='ocrx_word' id='word_1_270' title='bbox 1197 1217 1250 1252; x_wconf 90' lang='lat'>19.</span> <span class='ocrx_word' id='word_1_271' title='bbox 1278 1217 1354 1259; x_wconf 91' lang='grc'><strong>180,</strong></span> <span class='ocrx_word' id='word_1_272' title='bbox 1383 1218 1434 1252; x_wconf 90' lang='lat'>10.</span> <span class='ocrx_word' id='word_1_273' title='bbox 1462 1218 1539 1261; x_wconf 87' lang='lat'>205,</span> <span class='ocrx_word' id='word_1_274' title='bbox 1565 1219 1609 1253; x_wconf 87' lang='lat'>20</span> <span class='ocrx_word' id='word_1_275' title='bbox 1635 1223 1695 1254; x_wconf 80' lang='lat' dir='ltr'>etc.</span> 
     </span>
    </p>

    <p class='ocr_par' dir='ltr' id='par_1_24' title="bbox 1025 1263 1776 1349">
     <span class='ocr_line' id='line_1_57' title="bbox 1025 1263 1776 1310; baseline 0.003 -13"><span class='ocrx_word' id='word_1_276' title='bbox 1025 1263 1152 1298; x_wconf 84' lang='lat' dir='ltr'>forma:</span> <span class='ocrx_word' id='word_1_277' title='bbox 1171 1263 1270 1297; x_wconf 85' lang='lat' dir='ltr'>iuxta</span> <span class='ocrx_word' id='word_1_278' title='bbox 1287 1264 1438 1298; x_wconf 85' lang='lat' dir='ltr'>formam</span> <span class='ocrx_word' id='word_1_279' title='bbox 1457 1265 1654 1310; x_wconf 86' lang='lat' dir='ltr'>euangelici</span> <span class='ocrx_word' id='word_1_280' title='bbox 1668 1266 1776 1309; x_wconf 84' lang='lat' dir='ltr'>largi-</span> 
     </span>
     <span class='ocr_line' id='line_1_58' title="bbox 1092 1308 1370 1349; baseline -0.004 -6"><span class='ocrx_word' id='word_1_281' title='bbox 1092 1309 1181 1343; x_wconf 88' lang='lat' dir='ltr'>toris</span> <span class='ocrx_word' id='word_1_282' title='bbox 1207 1308 1283 1349; x_wconf 93' lang='lat'>199,</span> <span class='ocrx_word' id='word_1_283' title='bbox 1316 1309 1370 1343; x_wconf 88' lang='lat'>17.</span> 
     </span>
    </p>
   </div>
   <div class='ocr_carea' id='block_1_24' title="bbox 988 1347 1726 1399">
    <p class='ocr_par' dir='ltr' id='par_1_25' title="bbox 988 1347 1726 1399">
     <span class='ocr_line' id='line_1_59' title="bbox 988 1347 1726 1399; baseline -0.001 -9"><span class='ocrx_word' id='word_1_284' title='bbox 988 1347 991 1390; x_wconf 83' lang='grc' dir='ltr'>ἰ</span> <span class='ocrx_word' id='word_1_285' title='bbox 1026 1354 1222 1388; x_wconf 79' lang='lat' dir='ltr'>formabilis</span> <span class='ocrx_word' id='word_1_286' title='bbox 1248 1355 1301 1395; x_wconf 86' lang='lat'>66,</span> <span class='ocrx_word' id='word_1_287' title='bbox 1329 1356 1358 1389; x_wconf 88' lang='lat'>7.</span> <span class='ocrx_word' id='word_1_288' title='bbox 1387 1356 1462 1399; x_wconf 86' lang='lat'>121,</span> <span class='ocrx_word' id='word_1_289' title='bbox 1490 1356 1544 1392; x_wconf 87' lang='lat'>13.</span> <span class='ocrx_word' id='word_1_290' title='bbox 1571 1356 1646 1398; x_wconf 86' lang='lat'>165,</span> <span class='ocrx_word' id='word_1_291' title='bbox 1673 1356 1726 1391; x_wconf 91' lang='lat'>19.</span> 
     </span>
    </p>
   </div>
   <div class='ocr_carea' id='block_1_25' title="bbox 1024 1400 1354 1443">
    <p class='ocr_par' dir='ltr' id='par_1_26' title="bbox 1024 1400 1354 1443">
     <span class='ocr_line' id='line_1_60' title="bbox 1024 1400 1354 1443; baseline 0 -9"><span class='ocrx_word' id='word_1_292' title='bbox 1024 1400 1194 1434; x_wconf 88' lang='lat' dir='ltr'>formator</span> <span class='ocrx_word' id='word_1_293' title='bbox 1219 1400 1274 1443; x_wconf 90' lang='lat'>96,</span> <span class='ocrx_word' id='word_1_294' title='bbox 1299 1400 1354 1434; x_wconf 88' lang='lat'>23.</span> 
     </span>
    </p>
   </div>
   <div class='ocr_carea' id='block_1_26' title="bbox 206 1441 1514 1579">
    <p class='ocr_par' dir='ltr' id='par_1_27' title="bbox 206 1441 1514 1579">
     <span class='ocr_line' id='line_1_61' title="bbox 989 1441 1514 1489; baseline -0.004 -9"><span class='ocrx_word' id='word_1_295' title='bbox 989 1441 991 1453; x_wconf 70' lang='lat'>³</span> <span class='ocrx_word' id='word_1_296' title='bbox 1025 1445 1212 1479; x_wconf 80' lang='lat' dir='ltr'>formatrix</span> <span class='ocrx_word' id='word_1_297' title='bbox 1237 1447 1350 1480; x_wconf 79' lang='lat' dir='ltr'>forma</span> <span class='ocrx_word' id='word_1_298' title='bbox 1376 1448 1432 1489; x_wconf 88' lang='lat'>96,</span> <span class='ocrx_word' id='word_1_299' title='bbox 1459 1447 1514 1483; x_wconf 85' lang='lat'>25,</span> 
     </span>
     <span class='ocr_line' id='line_1_62' title="bbox 206 1489 991 1528; baseline -0.004 0"><span class='ocrx_word' id='word_1_300' title='bbox 206 1494 360 1528; x_wconf 88' lang='lat' dir='ltr'>firmitas</span> <span class='ocrx_word' id='word_1_301' title='bbox 402 1493 584 1527; x_wconf 86' lang='lat' dir='ltr'>robustius</span> <span class='ocrx_word' id='word_1_302' title='bbox 625 1489 817 1527; x_wconf 76' lang='lat' dir='ltr'>credendae</span> <span class='ocrx_word' id='word_1_303' title='bbox 854 1491 955 1526; x_wconf 88' lang='lat' dir='ltr'>trini·</span> <span class='ocrx_word' id='word_1_304' title='bbox 989 1498 991 1519; x_wconf 66' lang='grc' dir='ltr'>ἑ</span> 
     </span>
     <span class='ocr_line' id='line_1_63' title="bbox 989 1537 1374 1579; baseline 0.003 -9"><span class='ocrx_word' id='word_1_305' title='bbox 989 1570 991 1575; x_wconf 84' lang='grc'>,</span> <span class='ocrx_word' id='word_1_306' title='bbox 1024 1537 1215 1571; x_wconf 87' lang='lat' dir='ltr'>formicula</span> <span class='ocrx_word' id='word_1_307' title='bbox 1241 1537 1316 1579; x_wconf 92' lang='lat'>109,</span> <span class='ocrx_word' id='word_1_308' title='bbox 1341 1537 1374 1575; x_wconf 81' lang='lat'>5.</span> 
     </span>
    </p>
   </div>
   <div class='ocr_carea' id='block_1_27' title="bbox 989 1582 1780 1623">
    <p class='ocr_par' dir='ltr' id='par_1_28' title="bbox 989 1582 1780 1623">
     <span class='ocr_line' id='line_1_64' title="bbox 989 1582 1780 1623; baseline 0.003 -5"><span class='ocrx_word' id='word_1_309' title='bbox 989 1615 990 1618; x_wconf 74' lang='grc'><strong>,</strong></span> <span class='ocrx_word' id='word_1_310' title='bbox 1023 1582 1215 1617; x_wconf 82' lang='lat' dir='ltr'>formidare</span> <span class='ocrx_word' id='word_1_311' title='bbox 1250 1583 1456 1619; x_wconf 86' lang='lat' dir='ltr'>dialecticen</span> <span class='ocrx_word' id='word_1_312' title='bbox 1494 1582 1571 1623; x_wconf 88' lang='lat'>204,</span> <span class='ocrx_word' id='word_1_313' title='bbox 1608 1583 1663 1620; x_wconf 91' lang='lat'>25.</span> <span class='ocrx_word' id='word_1_314' title='bbox 1699 1595 1780 1620; x_wconf 79' lang='lat' dir='ltr'>cum</span> 
     </span>
    </p>
   </div>
   <div class='ocr_carea' id='block_1_28' title="bbox 988 1699 991 1722">
    <p class='ocr_par' dir='ltr' id='par_1_29' title="bbox 988 1699 991 1722">
     <span class='ocr_line' id='line_1_65' title="bbox 988 1699 991 1722; baseline 0 0"><span class='ocrx_word' id='word_1_315' title='bbox 988 1699 991 1722; x_wconf 66' lang='lat'>³</span> 
     </span>
    </p>
   </div>
   <div class='ocr_carea' id='block_1_29' title="bbox 1025 1490 1354 1530">
    <p class='ocr_par' dir='ltr' id='par_1_30' title="bbox 1025 1490 1354 1530">
     <span class='ocr_line' id='line_1_66' title="bbox 1025 1490 1354 1530; baseline 0.003 -5"><span class='ocrx_word' id='word_1_316' title='bbox 1025 1491 1173 1525; x_wconf 85' lang='lat' dir='ltr'>formica</span> <span class='ocrx_word' id='word_1_317' title='bbox 1198 1490 1274 1530; x_wconf 89' lang='grc'><strong>107,</strong></span> <span class='ocrx_word' id='word_1_318' title='bbox 1301 1492 1354 1526; x_wconf 92' lang='grc'>17.</span> 
     </span>
    </p>
   </div>
   <div class='ocr_carea' id='block_1_30' title="bbox 1091 1628 1658 1674">
    <p class='ocr_par' dir='ltr' id='par_1_31' title="bbox 1091 1628 1658 1674">
     <span class='ocr_line' id='line_1_67' title="bbox 1091 1628 1658 1674; baseline 0.002 -12"><span class='ocrx_word' id='word_1_319' title='bbox 1091 1628 1163 1671; x_wconf 76' lang='lat' dir='ltr'>inf.</span> <span class='ocrx_word' id='word_1_320' title='bbox 1187 1628 1357 1663; x_wconf 86' lang='lat' dir='ltr'>formidat</span> <span class='ocrx_word' id='word_1_321' title='bbox 1381 1631 1522 1674; x_wconf 86' lang='lat' dir='ltr'>agnosci</span> <span class='ocrx_word' id='word_1_322' title='bbox 1547 1630 1600 1667; x_wconf 82' lang='lat'>26.</span> <span class='ocrx_word' id='word_1_323' title='bbox 1625 1630 1658 1663; x_wconf 89' lang='lat'>4.</span> 
     </span>
    </p>
   </div>
   <div class='ocr_carea' id='block_1_31' title="bbox 989 1655 1679 1720">
    <p class='ocr_par' dir='ltr' id='par_1_32' title="bbox 989 1655 1679 1720">
     <span class='ocr_line' id='line_1_68' title="bbox 989 1655 1679 1720; baseline 0.001 -13"><span class='ocrx_word' id='word_1_324' title='bbox 989 1655 991 1686; x_wconf 75' lang='lat'><em>³</em></span> <span class='ocrx_word' id='word_1_325' title='bbox 1024 1673 1262 1707; x_wconf 73' lang='lat' dir='ltr'>formidabilis</span> <span class='ocrx_word' id='word_1_326' title='bbox 1288 1675 1520 1720; x_wconf 75' lang='lat' dir='ltr'>syllogismus</span> <span class='ocrx_word' id='word_1_327' title='bbox 1546 1675 1622 1717; x_wconf 86' lang='lat'>155,</span> <span class='ocrx_word' id='word_1_328' title='bbox 1647 1675 1679 1709; x_wconf 87' lang='lat'>5.</span> 
     </span>
    </p>
   </div>
   <div class='ocr_carea' id='block_1_32' title="bbox 206 1719 1780 1813">
    <p class='ocr_par' dir='ltr' id='par_1_33' title="bbox 206 1719 1780 1813">
     <span class='ocr_line' id='line_1_69' title="bbox 207 1719 1372 1766; baseline -0.002 -10"><span class='ocrx_word' id='word_1_329' title='bbox 207 1721 422 1766; x_wconf 89' lang='lat' dir='ltr'>flagrantius</span> <span class='ocrx_word' id='word_1_330' title='bbox 452 1730 569 1754; x_wconf 89' lang='lat' dir='ltr'>amare</span> <span class='ocrx_word' id='word_1_331' title='bbox 601 1720 791 1753; x_wconf 89' lang='lat' dir='ltr'>ueritatem</span> <span class='ocrx_word' id='word_1_332' title='bbox 819 1719 896 1762; x_wconf 89' lang='lat'>101,</span> <span class='ocrx_word' id='word_1_333' title='bbox 923 1720 955 1754; x_wconf 91' lang='lat'>6.</span> <span class='ocrx_word' id='word_1_334' title='bbox 988 1725 991 1755; x_wconf 61' lang='grc' dir='ltr'><strong><em>ὲ</em></strong></span> <span class='ocrx_word' id='word_1_335' title='bbox 1024 1719 1211 1753; x_wconf 88' lang='lat' dir='ltr'>fornicatio</span> <span class='ocrx_word' id='word_1_336' title='bbox 1238 1719 1314 1761; x_wconf 90' lang='lat'>142,</span> <span class='ocrx_word' id='word_1_337' title='bbox 1341 1720 1372 1754; x_wconf 90' lang='lat'>8.</span> 
     </span>
     <span class='ocr_line' id='line_1_70' title="bbox 206 1765 1780 1813; baseline -0.001 -12"><span class='ocrx_word' id='word_1_338' title='bbox 206 1766 356 1811; x_wconf 83' lang='lat' dir='ltr'>flagrare</span> <span class='ocrx_word' id='word_1_339' title='bbox 382 1765 522 1800; x_wconf 89' lang='lat' dir='ltr'>caelesti</span> <span class='ocrx_word' id='word_1_340' title='bbox 547 1766 698 1800; x_wconf 85' lang='lat' dir='ltr'>caritate</span> <span class='ocrx_word' id='word_1_341' title='bbox 723 1765 761 1799; x_wconf 93' lang='lat' dir='ltr'>in</span> <span class='ocrx_word' id='word_1_342' title='bbox 779 1766 958 1809; x_wconf 88' lang='lat' dir='ltr'>superiora</span> <span class='ocrx_word' id='word_1_343' title='bbox 989 1779 990 1813; x_wconf 64' lang='lat'>3</span> <span class='ocrx_word' id='word_1_344' title='bbox 1023 1765 1143 1799; x_wconf 87' lang='lat' dir='ltr'>forsan</span> <span class='ocrx_word' id='word_1_345' title='bbox 1174 1765 1230 1805; x_wconf 81' lang='lat'>56,</span> <span class='ocrx_word' id='word_1_346' title='bbox 1266 1766 1318 1799; x_wconf 90' lang='lat'>15.</span> <span class='ocrx_word' id='word_1_347' title='bbox 1358 1765 1410 1805; x_wconf 91' lang='lat'>72,</span> <span class='ocrx_word' id='word_1_348' title='bbox 1436 1766 1468 1799; x_wconf 90' lang='lat'>5.</span> <span class='ocrx_word' id='word_1_349' title='bbox 1507 1765 1583 1807; x_wconf 91' lang='lat'>139,</span> <span class='ocrx_word' id='word_1_350' title='bbox 1611 1766 1663 1800; x_wconf 91' lang='lat'>12.</span> <span class='ocrx_word' id='word_1_351' title='bbox 1702 1766 1780 1809; x_wconf 88' lang='lat'>184,</span> 
     </span>
    </p>
   </div>
   <div class='ocr_carea' id='block_1_33' title="bbox 276 1810 663 1855">
    <p class='ocr_par' dir='ltr' id='par_1_34' title="bbox 276 1810 663 1855">
     <span class='ocr_line' id='line_1_71' title="bbox 276 1810 663 1855; baseline -0.005 -9"><span class='ocrx_word' id='word_1_352' title='bbox 276 1813 331 1855; x_wconf 85' lang='lat'>87,</span> <span class='ocrx_word' id='word_1_353' title='bbox 357 1812 389 1846; x_wconf 87' lang='grc'>6.</span> <span class='ocrx_word' id='word_1_354' title='bbox 437 1812 482 1854; x_wconf 79' lang='lat' dir='ltr'>cf.</span> <span class='ocrx_word' id='word_1_355' title='bbox 510 1810 584 1848; x_wconf 87' lang='lat'>120.</span> <span class='ocrx_word' id='word_1_356' title='bbox 610 1810 663 1845; x_wconf 86' lang='lat'>23.</span> 
     </span>
    </p>
   </div>
   <div class='ocr_carea' id='block_1_34' title="bbox 206 1855 956 1902">
    <p class='ocr_par' dir='ltr' id='par_1_35' title="bbox 206 1836 991 1913">
     <span class='ocr_line' id='line_1_72' title="bbox 206 1855 956 1902; baseline -0.006 -9"><span class='ocrx_word' id='word_1_357' title='bbox 206 1857 375 1902; x_wconf 88' lang='lat' dir='ltr'>flagrum:</span> <span class='ocrx_word' id='word_1_358' title='bbox 399 1856 523 1902; x_wconf 87' lang='lat' dir='ltr'>flagris</span> <span class='ocrx_word' id='word_1_359' title='bbox 549 1855 663 1900; x_wconf 80' lang='lat' dir='ltr'>(GM,</span> <span class='ocrx_word' id='word_1_360' title='bbox 689 1855 841 1901; x_wconf 88' lang='lat' dir='ltr'>flagellis</span> <span class='ocrx_word' id='word_1_361' title='bbox 865 1857 956 1900; x_wconf 79' lang='lat' dir='ltr'>rell.)</span> 
     </span>
    </p>
   </div>
   <div class='ocr_carea' id='block_1_35' title="bbox 207 1901 957 1990">
    <p class='ocr_par' dir='ltr' id='par_1_36' title="bbox 207 1901 957 1990">
     <span class='ocr_line' id='line_1_73' title="bbox 276 1901 729 1944; baseline -0.009 -6"><span class='ocrx_word' id='word_1_362' title='bbox 276 1913 374 1938; x_wconf 85' lang='lat' dir='ltr'>caesa</span> <span class='ocrx_word' id='word_1_363' title='bbox 398 1902 569 1936; x_wconf 87' lang='lat' dir='ltr'>diuinitas</span> <span class='ocrx_word' id='word_1_364' title='bbox 593 1902 648 1944; x_wconf 89' lang='lat'>34,</span> <span class='ocrx_word' id='word_1_365' title='bbox 674 1901 729 1934; x_wconf 92' lang='lat'>22.</span> 
     </span>
     <span class='ocr_line' id='line_1_74' title="bbox 207 1947 957 1990; baseline -0.004 -7"><span class='ocrx_word' id='word_1_366' title='bbox 207 1949 370 1983; x_wconf 89' lang='lat' dir='ltr'>flammae</span> <span class='ocrx_word' id='word_1_367' title='bbox 394 1948 569 1982; x_wconf 90' lang='lat' dir='ltr'>uiscerum</span> <span class='ocrx_word' id='word_1_368' title='bbox 589 1947 789 1982; x_wconf 90' lang='lat' dir='ltr'>inuisibiles</span> <span class='ocrx_word' id='word_1_369' title='bbox 808 1947 884 1990; x_wconf 86' lang='lat'>173,</span> <span class='ocrx_word' id='word_1_370' title='bbox 903 1948 957 1983; x_wconf 90' lang='lat'>14.</span> 
     </span>
    </p>
   </div>
   <div class='ocr_carea' id='block_1_36' title="bbox 1093 1809 1780 1899">
    <p class='ocr_par' dir='ltr' id='par_1_37' title="bbox 1093 1809 1780 1899">
     <span class='ocr_line' id='line_1_75' title="bbox 1093 1809 1780 1853; baseline 0.003 -9"><span class='ocrx_word' id='word_1_371' title='bbox 1093 1809 1145 1844; x_wconf 93' lang='grc'>18.</span> <span class='ocrx_word' id='word_1_372' title='bbox 1185 1811 1262 1851; x_wconf 89' lang='grc'><strong>198,</strong></span> <span class='ocrx_word' id='word_1_373' title='bbox 1292 1811 1346 1846; x_wconf 93' lang='grc'>11.</span> <span class='ocrx_word' id='word_1_374' title='bbox 1382 1811 1459 1853; x_wconf 89' lang='grc'><strong>204,</strong></span> <span class='ocrx_word' id='word_1_375' title='bbox 1485 1812 1517 1845; x_wconf 91' lang='lat'>9.</span> <span class='ocrx_word' id='word_1_376' title='bbox 1543 1832 1585 1836; x_wconf 91' lang='lat'>—</span> <span class='ocrx_word' id='word_1_377' title='bbox 1605 1812 1635 1845; x_wconf 92' lang='lat' dir='ltr'>si</span> <span class='ocrx_word' id='word_1_378' title='bbox 1661 1812 1780 1847; x_wconf 86' lang='lat' dir='ltr'>forsan</span> 
     </span>
     <span class='ocr_line' id='line_1_76' title="bbox 1093 1857 1780 1899; baseline 0.004 -10"><span class='ocrx_word' id='word_1_379' title='bbox 1093 1867 1172 1890; x_wconf 80' lang='lat' dir='ltr'>cum</span> <span class='ocrx_word' id='word_1_380' title='bbox 1203 1857 1356 1892; x_wconf 78' lang='lat' dir='ltr'>indicat.</span> <span class='ocrx_word' id='word_1_381' title='bbox 1388 1857 1464 1899; x_wconf 90' lang='lat'>122,</span> <span class='ocrx_word' id='word_1_382' title='bbox 1492 1857 1549 1891; x_wconf 87' lang='lat'>22.</span> <span class='ocrx_word' id='word_1_383' title='bbox 1590 1868 1634 1891; x_wconf 91' lang='lat' dir='ltr'>an</span> <span class='ocrx_word' id='word_1_384' title='bbox 1660 1858 1780 1892; x_wconf 85' lang='lat' dir='ltr'>forsan</span> 
     </span>
    </p>
   </div>
   <div class='ocr_carea' id='block_1_37' title="bbox 1092 1901 1779 1982">
    <p class='ocr_par' dir='ltr' id='par_1_38' title="bbox 1092 1901 1779 1982">
     <span class='ocr_line' id='line_1_77' title="bbox 1092 1901 1779 1982; baseline 0.004 -46"><span class='ocrx_word' id='word_1_385' title='bbox 1092 1901 1171 1982; x_wconf 50' lang='lat' dir='ltr'>g}</span> <span class='ocrx_word' id='word_1_386' title='bbox 1195 1902 1258 1981; x_wconf 88' lang='grc'>221,</span> <span class='ocrx_word' id='word_1_387' title='bbox 1284 1922 1327 1929; x_wconf 85' lang='grc'>-</span> <span class='ocrx_word' id='word_1_388' title='bbox 1346 1903 1464 1937; x_wconf 87' lang='lat' dir='ltr'>forsan</span> <span class='ocrx_word' id='word_1_389' title='bbox 1489 1913 1569 1937; x_wconf 83' lang='lat' dir='ltr'>cum</span> <span class='ocrx_word' id='word_1_390' title='bbox 1597 1904 1779 1939; x_wconf 71' lang='lat' dir='ltr'>coniunct-</span> 
     </span>
    </p>
   </div>
   <div class='ocr_carea' id='block_1_38' title="bbox 206 1985 1781 2037">
    <p class='ocr_par' dir='ltr' id='par_1_39' title="bbox 206 1985 1781 2037">
     <span class='ocr_line' id='line_1_78' title="bbox 206 1985 1781 2037; baseline -0.001 -8"><span class='ocrx_word' id='word_1_391' title='bbox 206 1994 291 2029; x_wconf 90' lang='lat' dir='ltr'>flare</span> <span class='ocrx_word' id='word_1_392' title='bbox 331 1994 503 2037; x_wconf 74' lang='lat' dir='ltr'>(intrans.</span> <span class='ocrx_word' id='word_1_393' title='bbox 519 2008 565 2023; x_wconf 91' lang='lat'><strong><em>=</em></strong></span> <span class='ocrx_word' id='word_1_394' title='bbox 580 1993 765 2037; x_wconf 87' lang='lat' dir='ltr'>respirare)</span> <span class='ocrx_word' id='word_1_395' title='bbox 808 1993 862 2036; x_wconf 88' lang='lat'>63,</span> <span class='ocrx_word' id='word_1_396' title='bbox 905 1993 957 2027; x_wconf 88' lang='grc'>11.</span> <span class='ocrx_word' id='word_1_397' title='bbox 989 1985 992 2030; x_wconf 75' lang='grc' dir='ltr'>Ϊ,</span> <span class='ocrx_word' id='word_1_398' title='bbox 1025 1993 1173 2027; x_wconf 84' lang='lat' dir='ltr'>forsitan</span> <span class='ocrx_word' id='word_1_399' title='bbox 1191 1993 1245 2035; x_wconf 88' lang='lat'>32,</span> <span class='ocrx_word' id='word_1_400' title='bbox 1261 1993 1313 2028; x_wconf 87' lang='lat'>15.</span> <span class='ocrx_word' id='word_1_401' title='bbox 1334 1993 1408 2035; x_wconf 87' lang='lat'>108,</span> <span class='ocrx_word' id='word_1_402' title='bbox 1423 1993 1455 2027; x_wconf 89' lang='lat'>9.</span> <span class='ocrx_word' id='word_1_403' title='bbox 1475 2014 1515 2019; x_wconf 89' lang='lat'>—</span> <span class='ocrx_word' id='word_1_404' title='bbox 1530 2004 1610 2028; x_wconf 79' lang='lat' dir='ltr'>eum</span> <span class='ocrx_word' id='word_1_405' title='bbox 1627 1993 1781 2029; x_wconf 79' lang='lat' dir='ltr'>indicat.</span> 
     </span>
    </p>
   </div>
   <div class='ocr_carea' id='block_1_39' title="bbox 204 2037 821 2308">
    <p class='ocr_par' dir='ltr' id='par_1_40' title="bbox 204 2037 821 2308">
     <span class='ocr_line' id='line_1_79' title="bbox 273 2037 777 2080; baseline -0.008 -5"><span class='ocrx_word' id='word_1_406' title='bbox 273 2043 407 2075; x_wconf 58' lang='lat' dir='ltr'>trans:</span> <span class='ocrx_word' id='word_1_407' title='bbox 432 2049 509 2074; x_wconf 87' lang='lat' dir='ltr'>aere</span> <span class='ocrx_word' id='word_1_408' title='bbox 532 2040 617 2073; x_wconf 85' lang='lat' dir='ltr'>flato</span> <span class='ocrx_word' id='word_1_409' title='bbox 641 2037 696 2080; x_wconf 89' lang='lat'>45,</span> <span class='ocrx_word' id='word_1_410' title='bbox 722 2037 777 2075; x_wconf 88' lang='lat'>21.</span> 
     </span>
     <span class='ocr_line' id='line_1_80' title="bbox 205 2083 821 2129; baseline -0.002 -9"><span class='ocrx_word' id='word_1_411' title='bbox 205 2085 319 2120; x_wconf 88' lang='lat' dir='ltr'>flauus</span> <span class='ocrx_word' id='word_1_412' title='bbox 344 2088 441 2129; x_wconf 79' lang='lat' dir='ltr'>(opp.</span> <span class='ocrx_word' id='word_1_413' title='bbox 466 2085 655 2125; x_wconf 85' lang='lat' dir='ltr'>coloratus)</span> <span class='ocrx_word' id='word_1_414' title='bbox 681 2084 735 2125; x_wconf 92' lang='lat'>69,</span> <span class='ocrx_word' id='word_1_415' title='bbox 764 2083 821 2120; x_wconf 87' lang='lat'>20.</span> 
     </span>
     <span class='ocr_line' id='line_1_81' title="bbox 204 2129 755 2175; baseline 0.004 -11"><span class='ocrx_word' id='word_1_416' title='bbox 204 2131 323 2165; x_wconf 88' lang='lat' dir='ltr'>flebile</span> <span class='ocrx_word' id='word_1_417' title='bbox 347 2130 567 2175; x_wconf 89' lang='lat' dir='ltr'>epitaphium</span> <span class='ocrx_word' id='word_1_418' title='bbox 593 2129 669 2170; x_wconf 89' lang='lat'>204,</span> <span class='ocrx_word' id='word_1_419' title='bbox 700 2129 755 2166; x_wconf 87' lang='lat'>18.</span> 
     </span>
     <span class='ocr_line' id='line_1_82' title="bbox 205 2175 760 2221; baseline 0 -11"><span class='ocrx_word' id='word_1_420' title='bbox 205 2176 331 2211; x_wconf 89' lang='lat' dir='ltr'>florida</span> <span class='ocrx_word' id='word_1_421' title='bbox 354 2186 575 2221; x_wconf 86' lang='lat' dir='ltr'>praecerpere</span> <span class='ocrx_word' id='word_1_422' title='bbox 599 2175 675 2218; x_wconf 90' lang='lat'>205,</span> <span class='ocrx_word' id='word_1_423' title='bbox 706 2175 760 2210; x_wconf 91' lang='lat'>14.</span> 
     </span>
     <span class='ocr_line' id='line_1_83' title="bbox 205 2220 532 2266; baseline -0.009 -10"><span class='ocrx_word' id='word_1_424' title='bbox 205 2221 349 2266; x_wconf 89' lang='lat' dir='ltr'>floriger</span> <span class='ocrx_word' id='word_1_425' title='bbox 373 2220 450 2265; x_wconf 87' lang='lat'>205,</span> <span class='ocrx_word' id='word_1_426' title='bbox 478 2221 532 2254; x_wconf 92' lang='lat'>10.</span> 
     </span>
     <span class='ocr_line' id='line_1_84' title="bbox 205 2266 630 2308; baseline 0 -6"><span class='ocrx_word' id='word_1_427' title='bbox 205 2266 370 2302; x_wconf 84' lang='lat' dir='ltr'>flosculus</span> <span class='ocrx_word' id='word_1_428' title='bbox 394 2277 493 2301; x_wconf 87' lang='lat' dir='ltr'>rosae</span> <span class='ocrx_word' id='word_1_429' title='bbox 518 2266 572 2308; x_wconf 90' lang='lat'>38,</span> <span class='ocrx_word' id='word_1_430' title='bbox 597 2266 630 2302; x_wconf 84' lang='lat'>6.</span> 
     </span>
    </p>
   </div>
   <div class='ocr_carea' id='block_1_40' title="bbox 989 2048 992 2091">
    <p class='ocr_par' dir='ltr' id='par_1_41' title="bbox 989 2048 992 2091">
     <span class='ocr_line' id='line_1_85' title="bbox 989 2048 992 2091; baseline 0 0"><span class='ocrx_word' id='word_1_431' title='bbox 989 2048 992 2091; x_wconf 70' lang='grc' dir='ltr'>ὲ</span> 
     </span>
    </p>
   </div>
   <div class='ocr_carea' id='block_1_41' title="bbox 991 2251 993 2293">
    <p class='ocr_par' dir='ltr' id='par_1_42' title="bbox 991 2251 993 2293">
     <span class='ocr_line' id='line_1_86' title="bbox 991 2251 993 2293; baseline 0 0"><span class='ocrx_word' id='word_1_432' title='bbox 991 2251 993 2293; x_wconf 83' lang='lat'>!</span> 
     </span>
    </p>
   </div>
   <div class='ocr_carea' id='block_1_42' title="bbox 207 2311 994 2357">
    <p class='ocr_par' dir='ltr' id='par_1_43' title="bbox 207 2311 994 2357">
     <span class='ocr_line' id='line_1_87' title="bbox 207 2311 994 2357; baseline 0 -11"><span class='ocrx_word' id='word_1_433' title='bbox 207 2311 319 2347; x_wconf 90' lang='lat' dir='ltr'>fluens</span> <span class='ocrx_word' id='word_1_434' title='bbox 350 2323 412 2356; x_wconf 87' lang='lat' dir='ltr'>per</span> <span class='ocrx_word' id='word_1_435' title='bbox 443 2314 578 2357; x_wconf 87' lang='lat' dir='ltr'>tempus</span> <span class='ocrx_word' id='word_1_436' title='bbox 605 2322 711 2346; x_wconf 87' lang='lat' dir='ltr'>canor</span> <span class='ocrx_word' id='word_1_437' title='bbox 739 2312 791 2354; x_wconf 91' lang='lat'>76,</span> <span class='ocrx_word' id='word_1_438' title='bbox 818 2311 871 2346; x_wconf 88' lang='lat'>16.</span> <span class='ocrx_word' id='word_1_439' title='bbox 896 2312 960 2346; x_wconf 88' lang='lat' dir='ltr'>fiu-</span> <span class='ocrx_word' id='word_1_440' title='bbox 991 2321 994 2355; x_wconf 65' lang='lat' dir='ltr'><strong>f</strong></span> 
     </span>
    </p>
   </div>
   <div class='ocr_carea' id='block_1_43' title="bbox 206 2357 959 2811">
    <p class='ocr_par' dir='ltr' id='par_1_44' title="bbox 206 2357 959 2811">
     <span class='ocr_line' id='line_1_88' title="bbox 274 2357 959 2403; baseline -0.001 -11"><span class='ocrx_word' id='word_1_441' title='bbox 274 2359 374 2392; x_wconf 87' lang='lat' dir='ltr'>entes</span> <span class='ocrx_word' id='word_1_442' title='bbox 387 2358 631 2403; x_wconf 89' lang='lat' dir='ltr'>temporaliter</span> <span class='ocrx_word' id='word_1_443' title='bbox 645 2357 869 2393; x_wconf 86' lang='lat' dir='ltr'>substantiae</span> <span class='ocrx_word' id='word_1_444' title='bbox 882 2357 959 2399; x_wconf 91' lang='lat'>203,</span> 
     </span>
     <span class='ocr_line' id='line_1_89' title="bbox 206 2403 672 2493; baseline 0.002 -11"><span class='ocrx_word' id='word_1_445' title='bbox 206 2403 512 2493; x_wconf 48' lang='lat' dir='ltr'>foetlsg&#39;iniquitas</span> <span class='ocrx_word' id='word_1_446' title='bbox 538 2449 593 2493; x_wconf 89' lang='lat'>76,</span> <span class='ocrx_word' id='word_1_447' title='bbox 617 2448 672 2484; x_wconf 89' lang='lat'>21.</span> 
     </span>
     <span class='ocr_line' id='line_1_90' title="bbox 206 2493 587 2537; baseline 0 -9"><span class='ocrx_word' id='word_1_448' title='bbox 206 2493 404 2528; x_wconf 89' lang='lat' dir='ltr'>fomentum</span> <span class='ocrx_word' id='word_1_449' title='bbox 431 2494 507 2537; x_wconf 92' lang='lat'>115,</span> <span class='ocrx_word' id='word_1_450' title='bbox 534 2494 587 2529; x_wconf 90' lang='lat'>10.</span> 
     </span>
     <span class='ocr_line' id='line_1_91' title="bbox 206 2538 959 2585; baseline -0.001 -11"><span class='ocrx_word' id='word_1_451' title='bbox 206 2538 301 2574; x_wconf 81' lang='lat' dir='ltr'>fores</span> <span class='ocrx_word' id='word_1_452' title='bbox 338 2539 613 2575; x_wconf 88' lang='lat' dir='ltr'>sublimissimae</span> <span class='ocrx_word' id='word_1_453' title='bbox 649 2539 869 2585; x_wconf 83' lang='lat' dir='ltr'>quaestionis</span> <span class='ocrx_word' id='word_1_454' title='bbox 904 2539 959 2582; x_wconf 91' lang='lat'>24,</span> 
     </span>
     <span class='ocr_line' id='line_1_92' title="bbox 206 2584 957 2675; baseline 0 -10"><span class='ocrx_word' id='word_1_455' title='bbox 206 2584 391 2674; x_wconf 52' lang='lat' dir='ltr'>forelljaro</span> <span class='ocrx_word' id='word_1_456' title='bbox 408 2632 500 2665; x_wconf 85' lang='lat' dir='ltr'>esset</span> <span class='ocrx_word' id='word_1_457' title='bbox 519 2630 729 2675; x_wconf 77' lang='lat' dir='ltr'>saepissime</span> <span class='ocrx_word' id='word_1_458' title='bbox 745 2630 957 2666; x_wconf 81' lang='lat' dir='ltr'>adhibetur:</span> 
     </span>
     <span class='ocr_line' id='line_1_93' title="bbox 279 2675 955 2721; baseline 0.001 -11"><span class='ocrx_word' id='word_1_459' title='bbox 279 2686 341 2710; x_wconf 91' lang='lat' dir='ltr'>nec</span> <span class='ocrx_word' id='word_1_460' title='bbox 355 2675 395 2710; x_wconf 88' lang='lat' dir='ltr'>de</span> <span class='ocrx_word' id='word_1_461' title='bbox 409 2686 478 2720; x_wconf 87' lang='lat' dir='ltr'>quo</span> <span class='ocrx_word' id='word_1_462' title='bbox 491 2677 642 2721; x_wconf 87' lang='lat' dir='ltr'>epistula</span> <span class='ocrx_word' id='word_1_463' title='bbox 657 2676 746 2711; x_wconf 79' lang='lat' dir='ltr'>foret</span> <span class='ocrx_word' id='word_1_464' title='bbox 757 2677 955 2711; x_wconf 89' lang='lat' dir='ltr'>indicatum</span> 
     </span>
     <span class='ocr_line' id='line_1_94' title="bbox 275 2721 957 2766; baseline 0.001 -11"><span class='ocrx_word' id='word_1_465' title='bbox 275 2721 391 2756; x_wconf 90' lang='lat' dir='ltr'>uoluit</span> <span class='ocrx_word' id='word_1_466' title='bbox 426 2721 481 2764; x_wconf 89' lang='lat'>26,</span> <span class='ocrx_word' id='word_1_467' title='bbox 519 2721 572 2758; x_wconf 90' lang='lat'>15.</span> <span class='ocrx_word' id='word_1_468' title='bbox 611 2733 715 2766; x_wconf 89' lang='lat' dir='ltr'>quem</span> <span class='ocrx_word' id='word_1_469' title='bbox 749 2722 817 2756; x_wconf 93' lang='lat' dir='ltr'>sibi</span> <span class='ocrx_word' id='word_1_470' title='bbox 847 2722 957 2756; x_wconf 86' lang='lat' dir='ltr'>inter-</span> 
     </span>
     <span class='ocr_line' id='line_1_95' title="bbox 275 2766 955 2811; baseline 0 -10"><span class='ocrx_word' id='word_1_471' title='bbox 275 2766 406 2811; x_wconf 89' lang='lat' dir='ltr'>pellare</span> <span class='ocrx_word' id='word_1_472' title='bbox 437 2767 672 2802; x_wconf 86' lang='lat' dir='ltr'>necessarium</span> <span class='ocrx_word' id='word_1_473' title='bbox 702 2768 792 2803; x_wconf 86' lang='lat' dir='ltr'>foret</span> <span class='ocrx_word' id='word_1_474' title='bbox 820 2766 874 2810; x_wconf 87' lang='lat'>36,</span> <span class='ocrx_word' id='word_1_475' title='bbox 901 2767 955 2801; x_wconf 84' lang='lat'>25.</span> 
     </span>
    </p>
   </div>
   <div class='ocr_carea' id='block_1_44' title="bbox 991 2358 994 2394">
    <p class='ocr_par' dir='ltr' id='par_1_45' title="bbox 991 2358 994 2394">
     <span class='ocr_line' id='line_1_96' title="bbox 991 2358 994 2381; baseline 0 0"><span class='ocrx_word' id='word_1_476' title='bbox 991 2358 994 2381; x_wconf 66' lang='lat' dir='ltr'>l</span> 
     </span>
     <span class='ocr_line' id='line_1_97' title="bbox 992 2385 994 2394; baseline 0 0"><span class='ocrx_word' id='word_1_477' title='bbox 992 2385 994 2394; x_wconf 52' lang='grc' dir='ltr'><em>ι</em></span> 
     </span>
    </p>
   </div>
   <div class='ocr_carea' id='block_1_45' title="bbox 992 2412 994 2438">
    <p class='ocr_par' dir='ltr' id='par_1_46' title="bbox 992 2412 994 2438">
     <span class='ocr_line' id='line_1_98' title="bbox 992 2412 993 2421; baseline 0 0"><span class='ocrx_word' id='word_1_478' title='bbox 992 2412 993 2421; x_wconf 72' lang='grc'>1</span> 
     </span>
     <span class='ocr_line' id='line_1_99' title="bbox 992 2430 994 2438; baseline 0 0"><span class='ocrx_word' id='word_1_479' title='bbox 992 2430 994 2438; x_wconf 65' lang='lat' dir='ltr'><em>r</em></span> 
     </span>
    </p>
   </div>
   <div class='ocr_carea' id='block_1_46' title="bbox 1025 2038 1779 2218">
    <p class='ocr_par' dir='ltr' id='par_1_47' title="bbox 1025 2038 1779 2218">
     <span class='ocr_line' id='line_1_100' title="bbox 1092 2038 1779 2081; baseline 0 -8"><span class='ocrx_word' id='word_1_480' title='bbox 1092 2039 1146 2080; x_wconf 91' lang='lat'>66,</span> <span class='ocrx_word' id='word_1_481' title='bbox 1173 2038 1227 2072; x_wconf 91' lang='lat'>14.</span> <span class='ocrx_word' id='word_1_482' title='bbox 1254 2039 1330 2081; x_wconf 90' lang='lat'>106,</span> <span class='ocrx_word' id='word_1_483' title='bbox 1356 2039 1408 2073; x_wconf 94' lang='lat'>16.</span> <span class='ocrx_word' id='word_1_484' title='bbox 1437 2039 1513 2081; x_wconf 92' lang='lat'>159,</span> <span class='ocrx_word' id='word_1_485' title='bbox 1531 2039 1562 2074; x_wconf 91' lang='lat'>8.</span> <span class='ocrx_word' id='word_1_486' title='bbox 1587 2039 1663 2079; x_wconf 89' lang='lat'>206,</span> <span class='ocrx_word' id='word_1_487' title='bbox 1683 2040 1713 2073; x_wconf 89' lang='lat'>7.</span> <span class='ocrx_word' id='word_1_488' title='bbox 1735 2060 1779 2064; x_wconf 98' lang='lat'><strong>—</strong></span> 
     </span>
     <span class='ocr_line' id='line_1_101' title="bbox 1094 2084 1779 2129; baseline 0.001 -11"><span class='ocrx_word' id='word_1_489' title='bbox 1094 2095 1139 2118; x_wconf 93' lang='lat' dir='ltr'>an</span> <span class='ocrx_word' id='word_1_490' title='bbox 1171 2084 1323 2119; x_wconf 87' lang='lat' dir='ltr'>forsitan</span> <span class='ocrx_word' id='word_1_491' title='bbox 1355 2095 1435 2119; x_wconf 81' lang='lat' dir='ltr'>cum</span> <span class='ocrx_word' id='word_1_492' title='bbox 1466 2085 1617 2120; x_wconf 67' lang='lat' dir='ltr'>indicat.</span> <span class='ocrx_word' id='word_1_493' title='bbox 1643 2085 1698 2129; x_wconf 91' lang='lat'>62,</span> <span class='ocrx_word' id='word_1_494' title='bbox 1724 2085 1779 2119; x_wconf 87' lang='lat'>23.</span> 
     </span>
     <span class='ocr_line' id='line_1_102' title="bbox 1025 2129 1682 2218; baseline 0.003 -9"><span class='ocrx_word' id='word_1_495' title='bbox 1025 2129 1176 2210; x_wconf 60' lang='lat' dir='ltr'>f0,.,1„5S{g</span> <span class='ocrx_word' id='word_1_496' title='bbox 1195 2130 1257 2218; x_wconf 46' lang='lat'>65,</span> <span class='ocrx_word' id='word_1_497' title='bbox 1282 2174 1336 2209; x_wconf 86' lang='lat'>23.</span> <span class='ocrx_word' id='word_1_498' title='bbox 1363 2174 1439 2216; x_wconf 90' lang='lat'>113,</span> <span class='ocrx_word' id='word_1_499' title='bbox 1465 2175 1519 2209; x_wconf 89' lang='lat'>15.</span> <span class='ocrx_word' id='word_1_500' title='bbox 1546 2176 1622 2218; x_wconf 89' lang='lat'>146,</span> <span class='ocrx_word' id='word_1_501' title='bbox 1649 2177 1682 2211; x_wconf 89' lang='lat'>6.</span> 
     </span>
    </p>
   </div>
   <div class='ocr_carea' id='block_1_47' title="bbox 991 2211 1781 2264">
    <p class='ocr_par' dir='ltr' id='par_1_48' title="bbox 991 2211 1781 2264">
     <span class='ocr_line' id='line_1_103' title="bbox 991 2211 1781 2264; baseline 0.004 -9"><span class='ocrx_word' id='word_1_502' title='bbox 991 2211 993 2246; x_wconf 77' lang='grc' dir='ltr'>ἒ</span> <span class='ocrx_word' id='word_1_503' title='bbox 1026 2222 1189 2255; x_wconf 73' lang='lat' dir='ltr'>fortassis</span> <span class='ocrx_word' id='word_1_504' title='bbox 1214 2220 1340 2264; x_wconf 83' lang='lat'>29,14.</span> <span class='ocrx_word' id='word_1_505' title='bbox 1369 2220 1424 2259; x_wconf 87' lang='lat'>36.</span> <span class='ocrx_word' id='word_1_506' title='bbox 1443 2221 1473 2254; x_wconf 86' lang='lat'>7.</span> <span class='ocrx_word' id='word_1_507' title='bbox 1499 2221 1627 2263; x_wconf 86' lang='lat'>39,18.</span> <span class='ocrx_word' id='word_1_508' title='bbox 1652 2222 1705 2263; x_wconf 87' lang='lat'>56,</span> <span class='ocrx_word' id='word_1_509' title='bbox 1725 2221 1781 2259; x_wconf 86' lang='lat'>11.</span> 
     </span>
    </p>
   </div>
   <div class='ocr_carea' id='block_1_48' title="bbox 1028 2266 1782 2718">
    <p class='ocr_par' dir='ltr' id='par_1_49' title="bbox 1094 2266 1782 2400">
     <span class='ocr_line' id='line_1_104' title="bbox 1094 2266 1782 2311; baseline 0.003 -11"><span class='ocrx_word' id='word_1_510' title='bbox 1094 2267 1149 2309; x_wconf 88' lang='lat'>75,</span> <span class='ocrx_word' id='word_1_511' title='bbox 1164 2266 1218 2301; x_wconf 90' lang='lat'>12.</span> <span class='ocrx_word' id='word_1_512' title='bbox 1242 2266 1318 2308; x_wconf 88' lang='lat'>143,</span> <span class='ocrx_word' id='word_1_513' title='bbox 1332 2267 1364 2301; x_wconf 90' lang='lat'>6.</span> <span class='ocrx_word' id='word_1_514' title='bbox 1389 2266 1522 2307; x_wconf 88' lang='lat'>155,16</span> <span class='ocrx_word' id='word_1_515' title='bbox 1542 2267 1585 2308; x_wconf 88' lang='lat' dir='ltr'>(si</span> <span class='ocrx_word' id='word_1_516' title='bbox 1602 2268 1782 2311; x_wconf 85' lang='lat' dir='ltr'>fortassis)</span> 
     </span>
     <span class='ocr_line' id='line_1_105' title="bbox 1095 2311 1780 2357; baseline 0.001 -10"><span class='ocrx_word' id='word_1_517' title='bbox 1095 2331 1138 2337; x_wconf 93' lang='grc'><strong>-</strong></span> <span class='ocrx_word' id='word_1_518' title='bbox 1155 2323 1234 2347; x_wconf 83' lang='lat' dir='ltr'>cum</span> <span class='ocrx_word' id='word_1_519' title='bbox 1261 2313 1445 2348; x_wconf 77' lang='lat' dir='ltr'>coniunct.</span> <span class='ocrx_word' id='word_1_520' title='bbox 1471 2311 1527 2354; x_wconf 90' lang='lat'>32,</span> <span class='ocrx_word' id='word_1_521' title='bbox 1564 2312 1597 2346; x_wconf 91' lang='lat'>2.</span> <span class='ocrx_word' id='word_1_522' title='bbox 1638 2313 1692 2357; x_wconf 89' lang='lat'>78,</span> <span class='ocrx_word' id='word_1_523' title='bbox 1725 2313 1780 2349; x_wconf 88' lang='lat'>15.</span> 
     </span>
     <span class='ocr_line' id='line_1_106' title="bbox 1095 2357 1251 2400; baseline -0.006 -8"><span class='ocrx_word' id='word_1_524' title='bbox 1095 2358 1172 2400; x_wconf 90' lang='lat'>107,</span> <span class='ocrx_word' id='word_1_525' title='bbox 1197 2357 1251 2392; x_wconf 90' lang='lat'>24.</span> 
     </span>
    </p>

    <p class='ocr_par' dir='ltr' id='par_1_50' title="bbox 1028 2402 1781 2718">
     <span class='ocr_line' id='line_1_107' title="bbox 1028 2402 1778 2445; baseline 0.003 -8"><span class='ocrx_word' id='word_1_526' title='bbox 1028 2403 1118 2438; x_wconf 87' lang='lat' dir='ltr'>forte</span> <span class='ocrx_word' id='word_1_527' title='bbox 1150 2415 1232 2439; x_wconf 79' lang='lat' dir='ltr'>cum</span> <span class='ocrx_word' id='word_1_528' title='bbox 1261 2403 1442 2438; x_wconf 73' lang='lat' dir='ltr'>coniunct.</span> <span class='ocrx_word' id='word_1_529' title='bbox 1475 2402 1529 2445; x_wconf 89' lang='lat'>34,</span> <span class='ocrx_word' id='word_1_530' title='bbox 1562 2402 1595 2439; x_wconf 89' lang='lat'>3.</span> <span class='ocrx_word' id='word_1_531' title='bbox 1638 2403 1693 2444; x_wconf 89' lang='lat'>38,</span> <span class='ocrx_word' id='word_1_532' title='bbox 1724 2404 1778 2439; x_wconf 88' lang='lat'>10.</span> 
     </span>
     <span class='ocr_line' id='line_1_108' title="bbox 1095 2449 1781 2491; baseline 0 -8"><span class='ocrx_word' id='word_1_533' title='bbox 1095 2449 1151 2491; x_wconf 88' lang='grc'>98,</span> <span class='ocrx_word' id='word_1_534' title='bbox 1164 2449 1196 2485; x_wconf 90' lang='lat'>4.</span> <span class='ocrx_word' id='word_1_535' title='bbox 1212 2449 1286 2490; x_wconf 87' lang='lat'>160,</span> <span class='ocrx_word' id='word_1_536' title='bbox 1303 2449 1335 2482; x_wconf 91' lang='lat'>5.</span> <span class='ocrx_word' id='word_1_537' title='bbox 1345 2468 1384 2474; x_wconf 87' lang='lat'>-</span> <span class='ocrx_word' id='word_1_538' title='bbox 1398 2460 1478 2483; x_wconf 78' lang='lat' dir='ltr'>cum</span> <span class='ocrx_word' id='word_1_539' title='bbox 1490 2449 1640 2484; x_wconf 76' lang='lat' dir='ltr'>indicat.</span> <span class='ocrx_word' id='word_1_540' title='bbox 1656 2449 1709 2491; x_wconf 90' lang='lat'>75,</span> <span class='ocrx_word' id='word_1_541' title='bbox 1726 2449 1781 2483; x_wconf 87' lang='grc'>10.</span> 
     </span>
     <span class='ocr_line' id='line_1_109' title="bbox 1094 2494 1779 2537; baseline -0.003 -8"><span class='ocrx_word' id='word_1_542' title='bbox 1094 2494 1172 2536; x_wconf 90' lang='grc'><strong>110,</strong></span> <span class='ocrx_word' id='word_1_543' title='bbox 1197 2494 1229 2528; x_wconf 91' lang='grc'>3.</span> <span class='ocrx_word' id='word_1_544' title='bbox 1262 2494 1338 2535; x_wconf 88' lang='grc'><strong>153,</strong></span> <span class='ocrx_word' id='word_1_545' title='bbox 1363 2494 1394 2527; x_wconf 92' lang='grc'>4.</span> <span class='ocrx_word' id='word_1_546' title='bbox 1429 2494 1504 2536; x_wconf 89' lang='grc'><strong>199,</strong></span> <span class='ocrx_word' id='word_1_547' title='bbox 1529 2494 1560 2529; x_wconf 90' lang='lat'>3.</span> <span class='ocrx_word' id='word_1_548' title='bbox 1578 2514 1624 2520; x_wconf 87' lang='lat'>—</span> <span class='ocrx_word' id='word_1_549' title='bbox 1641 2505 1685 2529; x_wconf 92' lang='lat' dir='ltr'>ne</span> <span class='ocrx_word' id='word_1_550' title='bbox 1710 2497 1779 2537; x_wconf 87' lang='lat' dir='ltr'>(ut)</span> 
     </span>
     <span class='ocr_line' id='line_1_110' title="bbox 1094 2539 1779 2582; baseline -0.001 -7"><span class='ocrx_word' id='word_1_551' title='bbox 1094 2541 1186 2575; x_wconf 87' lang='lat' dir='ltr'>forte</span> <span class='ocrx_word' id='word_1_552' title='bbox 1212 2539 1267 2582; x_wconf 91' lang='lat'>54,</span> <span class='ocrx_word' id='word_1_553' title='bbox 1293 2539 1346 2575; x_wconf 89' lang='lat'>10.</span> <span class='ocrx_word' id='word_1_554' title='bbox 1378 2539 1431 2579; x_wconf 93' lang='lat'>55,</span> <span class='ocrx_word' id='word_1_555' title='bbox 1457 2540 1511 2575; x_wconf 90' lang='lat'>21.</span> <span class='ocrx_word' id='word_1_556' title='bbox 1542 2540 1617 2582; x_wconf 91' lang='lat'>173,</span> <span class='ocrx_word' id='word_1_557' title='bbox 1643 2541 1674 2575; x_wconf 91' lang='lat'>6.</span> <span class='ocrx_word' id='word_1_558' title='bbox 1703 2540 1779 2582; x_wconf 90' lang='lat'>181,</span> 
     </span>
     <span class='ocr_line' id='line_1_111' title="bbox 1094 2585 1778 2628; baseline -0.001 -8"><span class='ocrx_word' id='word_1_559' title='bbox 1094 2585 1148 2620; x_wconf 91' lang='lat'>18.</span> <span class='ocrx_word' id='word_1_560' title='bbox 1174 2606 1216 2611; x_wconf 89' lang='lat'>—</span> <span class='ocrx_word' id='word_1_561' title='bbox 1239 2586 1269 2620; x_wconf 91' lang='lat' dir='ltr'>si</span> <span class='ocrx_word' id='word_1_562' title='bbox 1294 2586 1384 2619; x_wconf 88' lang='lat' dir='ltr'>forte</span> <span class='ocrx_word' id='word_1_563' title='bbox 1409 2596 1491 2620; x_wconf 82' lang='lat' dir='ltr'>eum</span> <span class='ocrx_word' id='word_1_564' title='bbox 1514 2586 1626 2620; x_wconf 78' lang='lat' dir='ltr'>indic.</span> <span class='ocrx_word' id='word_1_565' title='bbox 1659 2585 1714 2628; x_wconf 90' lang='lat'>52,</span> <span class='ocrx_word' id='word_1_566' title='bbox 1746 2586 1778 2619; x_wconf 90' lang='lat'>1.</span> 
     </span>
     <span class='ocr_line' id='line_1_112' title="bbox 1092 2630 1780 2673; baseline -0.001 -7"><span class='ocrx_word' id='word_1_567' title='bbox 1092 2631 1147 2673; x_wconf 90' lang='lat'>89,</span> <span class='ocrx_word' id='word_1_568' title='bbox 1173 2630 1205 2665; x_wconf 89' lang='lat'>3.</span> <span class='ocrx_word' id='word_1_569' title='bbox 1247 2630 1323 2672; x_wconf 90' lang='lat'>105,</span> <span class='ocrx_word' id='word_1_570' title='bbox 1355 2630 1410 2665; x_wconf 90' lang='lat'>24.</span> <span class='ocrx_word' id='word_1_571' title='bbox 1452 2630 1527 2672; x_wconf 86' lang='lat'>120,</span> <span class='ocrx_word' id='word_1_572' title='bbox 1559 2630 1614 2665; x_wconf 88' lang='lat'>23.</span> <span class='ocrx_word' id='word_1_573' title='bbox 1640 2651 1684 2657; x_wconf 96' lang='lat'>—</span> <span class='ocrx_word' id='word_1_574' title='bbox 1707 2632 1780 2665; x_wconf 89' lang='lat' dir='ltr'>nisi</span> 
     </span>
     <span class='ocr_line' id='line_1_113' title="bbox 1091 2676 1780 2718; baseline 0 -7"><span class='ocrx_word' id='word_1_575' title='bbox 1091 2677 1185 2711; x_wconf 88' lang='lat' dir='ltr'>forte</span> <span class='ocrx_word' id='word_1_576' title='bbox 1209 2687 1292 2712; x_wconf 80' lang='lat' dir='ltr'>cum</span> <span class='ocrx_word' id='word_1_577' title='bbox 1308 2677 1490 2711; x_wconf 75' lang='lat' dir='ltr'>coniunct.</span> <span class='ocrx_word' id='word_1_578' title='bbox 1505 2676 1560 2718; x_wconf 88' lang='lat'>40,</span> <span class='ocrx_word' id='word_1_579' title='bbox 1577 2676 1613 2714; x_wconf 78' lang='lat'>4.</span> <span class='ocrx_word' id='word_1_580' title='bbox 1632 2697 1669 2701; x_wconf 86' lang='lat'><em>-</em></span> <span class='ocrx_word' id='word_1_581' title='bbox 1689 2677 1780 2711; x_wconf 86' lang='lat' dir='ltr'>forte</span> 
     </span>
    </p>
   </div>
   <div class='ocr_carea' id='block_1_49' title="bbox 1090 2721 1782 2810">
    <p class='ocr_par' dir='ltr' id='par_1_51' title="bbox 1090 2721 1782 2810">
     <span class='ocr_line' id='line_1_114' title="bbox 1092 2721 1782 2768; baseline 0 -11"><span class='ocrx_word' id='word_1_582' title='bbox 1092 2733 1172 2757; x_wconf 81' lang='lat' dir='ltr'>cum</span> <span class='ocrx_word' id='word_1_583' title='bbox 1216 2721 1370 2757; x_wconf 76' lang='lat' dir='ltr'>indicat.</span> <span class='ocrx_word' id='word_1_584' title='bbox 1407 2723 1451 2758; x_wconf 77' lang='lat' dir='ltr'>in</span> <span class='ocrx_word' id='word_1_585' title='bbox 1485 2722 1782 2768; x_wconf 73' lang='lat' dir='ltr'>interroyationis</span> 
     </span>
     <span class='ocr_line' id='line_1_115' title="bbox 1090 2766 1354 2810; baseline -0.008 -7"><span class='ocrx_word' id='word_1_586' title='bbox 1090 2768 1196 2803; x_wconf 78' lang='lat' dir='ltr'>initio</span> <span class='ocrx_word' id='word_1_587' title='bbox 1219 2767 1273 2810; x_wconf 90' lang='lat'>46,</span> <span class='ocrx_word' id='word_1_588' title='bbox 1300 2766 1354 2802; x_wconf 88' lang='lat'>13.</span> 
     </span>
    </p>
   </div>
  </div>
 </body>
</html>
