1884 2998
261 150 347 194 202
781 148 1023 185 Claudiani
1050 149 1260 185 Mamerti

261 275 457 320 carminis
504 275 687 318 breuitas
733 267 1040 329 longitudinem
1078 275 1282 329 phalerati
1322 275 1519 317 sermonis
1565 275 1769 319 eliminat.

262 346 323 387 ita
381 343 460 386 tibi
518 343 638 386 facile
695 343 810 386 factu
859 345 922 386 est
971 343 1147 385 minutis
1203 343 1406 386 trochaeis
1455 343 1772 387 minutioribus-

260 426 340 467 que
372 412 591 467 pyrrichiis
624 423 703 454 non
735 411 872 454 solum
903 411 1139 454 molossicas
1171 413 1532 466 anapaesticasque
1554 413 1771 465 ternarias,

263 484 335 524 sed
367 481 631 536 epitritorum
661 482 787 523 etiam
807 493 1093 535 paeonumque
1124 481 1343 534 quaternas
1381 480 1646 534 superuenire
1676 481 1772 523 iun-

263 552 418 593 cturas,
469 550 668 592 excrescit
705 549 938 603 amplitudo
977 549 1182 603 proloquii
1230 550 1446 604 angustias
1481 549 1690 602 regulares
1730 552 1773 592 et
1803 564 1819 589 ⁵

262 622 478 673 tamquam
507 630 632 673 paruo
665 630 762 660 auro
793 617 963 673 grandis
995 630 1163 672 gemma
1192 619 1261 660 uix
1293 618 1453 671 capitur
1473 618 1704 671 emicatque
1725 621 1773 660 ut

263 689 359 742 equi
389 689 568 742 potentis
598 687 853 739 animositas,
887 687 954 728 cui
985 686 1181 729 frementi
1212 687 1245 728 si
1277 686 1387 728 inter
1417 687 1566 739 tesqua
1586 686 1655 728 uel
1676 698 1773 729 con-

264 756 383 812 fraga
421 756 633 798 frenorum
670 755 761 809 lege
800 755 990 797 teneatur
1027 754 1239 809 intellegis
1270 766 1350 796 non
1382 757 1470 796 tam
1502 767 1668 797 cursum
1700 756 1771 797 de-

260 837 354 867 esse
403 837 527 878 quam
575 836 784 877 campum.
835 823 934 877 quid
978 823 1156 865 multis?
1201 823 1356 866 arbitro
1402 835 1468 864 me
1515 824 1557 865 in
1598 826 1772 878 utroque

261 905 414 948 genere
446 892 609 935 dicendi
639 904 714 935 nec
750 892 937 935 Athenae
968 893 1027 934 sic
1057 891 1225 934 Atticae
1247 904 1320 934 nec
1341 891 1487 934 Musae
1509 893 1570 935 sic
1591 895 1771 938 musicae
1786 909 1819 934 ιο

262 962 573 1012 iudicabuntur,
606 962 642 1004 si
671 961 791 1003 modo
827 960 934 1002 mihi
964 961 1033 1002 uel
1065 960 1259 1003 censendi
1300 960 1459 1015 copiam
1490 961 1650 1004 desidia
1680 963 1769 1006 lon-

262 1032 353 1086 gior
384 1043 466 1073 non
497 1030 664 1073 ademit.
711 1041 807 1071 nam
840 1029 940 1071 dum
970 1029 1158 1082 inpactae
1188 1029 1456 1082 professionis
1487 1030 1664 1073 obtentu
1694 1043 1769 1074 no-

263 1113 364 1142 uum
396 1098 605 1142 scribendi
645 1110 804 1140 morem
841 1098 1051 1153 gradatim
1091 1097 1236 1152 adpeto
1267 1099 1308 1140 et
1338 1098 1522 1141 ueterem
1553 1099 1771 1142 saltuatim

259 1168 444 1220 dedisco,
478 1168 528 1210 de
558 1167 663 1210 bono
696 1169 856 1210 oratore
887 1166 949 1209 nil
980 1166 1159 1221 amplius
1191 1167 1321 1209 habeo
1353 1179 1478 1220 quam
1508 1167 1615 1221 quod
1634 1169 1771 1211 malus

261 1239 385 1290 poeta
414 1236 508 1292 plus
530 1248 616 1278 esse
638 1236 765 1289 coepi.
817 1236 947 1290 proin,
970 1248 1134 1289 quaeso,
1158 1235 1300 1278 delicti
1321 1235 1444 1278 huius
1465 1236 1571 1279 mihi
1592 1237 1769 1291 gratiam
1785 1254 1817 1280 15

262 1305 403 1357 facias,
450 1305 559 1359 quod
605 1304 901 1359 aliquantisper
947 1304 1030 1346 mei
1075 1304 1307 1347 meminens
1351 1307 1536 1347 arentem
1575 1306 1769 1349 uenulam

261 1374 396 1416 rarius
426 1374 589 1416 flumini
621 1375 693 1415 tuo
725 1374 890 1416 misceo.
941 1375 1058 1416 tuam
1090 1374 1235 1416 tubam
1267 1375 1381 1416 totus
1413 1386 1495 1427 qua
1523 1375 1637 1429 patet
1658 1374 1769 1417 orbis

262 1443 351 1485 iure
389 1442 669 1497 uenerabitur,
709 1455 834 1496 quam
874 1443 1037 1485 constat
1074 1442 1288 1496 geminata
1327 1442 1528 1485 felicitate
1560 1443 1767 1496 cecinisse,

261 1511 426 1564 quando
473 1523 549 1553 nec
593 1511 803 1553 aemulum
848 1511 1030 1565 repperit
1073 1524 1148 1554 nec
1191 1511 1420 1565 aequalem,
1468 1523 1561 1553 cum
1607 1511 1767 1566 pridem

261 1592 379 1622 aures
410 1582 452 1622 et
483 1592 553 1623 ora
586 1580 834 1634 populorum
865 1592 933 1622 me
964 1579 1094 1622 etiam
1125 1580 1437 1622 circumferente
1459 1581 1764 1635 peruagaretur.
1781 1596 1815 1620 20

262 1648 380 1691 uobis
410 1652 548 1692 autem
571 1649 741 1704 grandis
763 1649 946 1699 audacia,
982 1648 1017 1691 si
1048 1648 1116 1691 uel
1138 1649 1247 1703 apud
1268 1649 1542 1703 municipales
1565 1651 1605 1692 et
1626 1650 1767 1692 cathe-

258 1718 419 1760 drarios
466 1717 647 1759 oratores
694 1717 766 1759 aut
804 1718 987 1760 forenses
1027 1717 1194 1760 rabulas
1233 1717 1482 1772 garriamus,
1525 1717 1596 1771 qui
1642 1719 1767 1760 etiam

259 1799 356 1837 cum
394 1786 589 1840 perorant
624 1785 742 1828 salua
771 1797 871 1839 pace
902 1785 1110 1840 potiorum
1140 1785 1267 1829 turba
1296 1787 1549 1828 numerosior
1579 1786 1767 1829 inlitera-

260 1855 436 1897 tissimis
467 1854 601 1897 literis
632 1856 794 1898 uacant.
846 1867 942 1896 nam
981 1856 1036 1906 te,
1076 1854 1144 1896 cui
1175 1867 1246 1897 seu
1277 1855 1456 1897 liberum
1487 1868 1558 1897 seu
1588 1855 1765 1909 ligatum

259 1923 422 1977 placeat
471 1923 677 1965 alternare
724 1935 957 1966 sermonem
1008 1924 1198 1966 intonare
1249 1923 1517 1966 ambifariam
1567 1923 1763 1978 subpetit,
1778 1939 1812 1965 25

260 1993 396 2047 pauci,
430 2004 530 2046 quos
561 2003 714 2045 aequus
746 1991 906 2034 amauit
936 1992 1137 2047 Iuppiter,
1168 1992 1457 2035 imitabuntur.
1508 1992 1612 2035 uale.

327 2175 372 2210 26
396 2175 559 2220 Iuppiter
583 2185 650 2211 om.
676 2185 756 2210 cum
781 2175 974 2210 Sirmondo
998 2176 1163 2210 Baretus
