1884 2998
275 145 332 186 44
791 141 1039 177 Claudiani
1062 142 1270 178 Mamerti

276 270 398 323 atque
430 269 477 311 ut
517 268 567 311 de
607 268 755 311 ceteris
786 268 957 319 taceam,
996 268 1031 309 si
1061 267 1223 321 gustari
1253 269 1390 322 posset
1421 269 1628 323 gustatuS,
1661 282 1782 312 nemo

277 338 415 391 posset
453 349 541 379 esse
578 338 752 388 ieiunus,
784 349 859 378 neo
890 336 1144 378 extrinsecus
1176 336 1410 379 adhibenda
1440 336 1576 379 forent
1606 338 1648 379 in
1680 350 1784 392 quae

276 407 408 447 semet
452 418 597 448 sensus
645 406 859 454 exsereret,
905 405 937 446 si
980 417 1023 446 se
1062 405 1151 458 ipse
1189 406 1379 448 sentiret.
1431 406 1546 448 aliud
1587 407 1651 448 est
1690 419 1786 461 ergo

277 475 511 516 membrum
543 487 616 527 per
654 474 762 528 qued
805 474 1022 523 sentimus,
1062 478 1105 515 et
1134 486 1277 516 sensus
1307 474 1421 516 aliud
1454 485 1532 528 quo
1564 475 1786 527 sentimus,

279 542 374 596 quia
414 542 522 584 inter
565 543 773 584 inuisibile
804 542 1090 596 incorporeum
1121 543 1163 583 et
1193 554 1339 596 corpus
1372 542 1538 586 nisibile
1578 546 1641 585 est
1678 543 1786 586 illud
1818 560 1835 586 5

278 610 492 653 inuisibile
532 623 786 665 corporeum,
826 610 934 664 quod
973 610 1018 652 in
1048 610 1166 653 nobis
1197 612 1326 662 uisus,
1360 611 1542 662 auditus,
1574 612 1785 667 odoratuS‚

276 680 424 733 gustus
456 681 500 723 et
529 683 665 722 tactus
697 682 779 721 est:
817 691 921 733 quae
951 681 1146 733 quoniam
1176 692 1258 722 non
1289 680 1369 723 nisi
1400 680 1443 722 in
1474 681 1657 723 animato
1688 682 1787 723 sunt

279 759 458 803 corpore,
499 762 546 790 ex
584 748 798 802 utriusque
837 747 991 790 diuersi
1037 750 1283 791 commercio
1322 749 1465 791 eadem
1508 750 1549 790 et
1594 761 1788 802 corporea

277 817 375 859 sunt
405 818 447 859 et
486 817 722 859 inuisibilia
760 816 970 859 trahentia
1008 816 1058 858 de
1099 829 1266 871 corpore
1306 817 1465 859 uisibili
1504 817 1552 858 ut
1597 829 1789 871 corporea

278 886 376 937 sint,
411 886 460 928 de
491 887 729 941 incorporeo
761 887 900 928 animo
930 888 978 927 ut
1009 885 1097 927 sint
1125 885 1367 928 inuisibilia.
1419 897 1501 927 non
1521 886 1653 939 igitur
1674 886 1789 929 iuxta
1801 902 1835 927 ιο

277 955 529 997 sententiam
567 957 683 997 tuam
721 955 828 997 illud
867 955 947 997 erit
989 954 1216 1007 inuisibile,
1249 956 1356 1007 quod
1386 953 1675 1009 incorporeum
1704 966 1787 997 non

277 1022 368 1074 erit,
409 1025 624 1078 tamquam
664 1024 901 1078 incorporeo
947 1023 1115 1066 uisibile
1146 1025 1188 1065 et
1219 1034 1409 1076 corporeo
1446 1023 1660 1065 inuisibile
1699 1035 1788 1065 esse

275 1092 331 1133 sit
370 1093 594 1146 proprium,
635 1093 798 1147 quando
840 1092 1008 1146 quidem
1049 1091 1156 1134 nihil
1195 1091 1408 1134 inuisibile
1449 1093 1626 1145 corporis
1667 1091 1786 1143 foret,

275 1159 355 1202 nisi
395 1161 606 1209 inuisibile
644 1162 749 1204 illud
790 1161 1021 1215 incorporei
1068 1161 1338 1204 inuisibilitas
1385 1160 1551 1212 faceret,
1601 1161 1700 1215 quia
1743 1160 1788 1202 in

277 1232 430 1281 eodem,
472 1231 580 1273 sieut
611 1243 735 1284 supra
767 1231 956 1282 diximus,
990 1230 1155 1272 homine
1186 1231 1228 1272 et
1262 1230 1548 1283 incorporeum
1577 1228 1833 1274 inuisibile15

277 1300 340 1341 est
385 1298 525 1341 anima
564 1302 604 1342 et
642 1299 857 1342 inuisibile
896 1311 1148 1353 corporeum,
1189 1299 1296 1353 quod
1343 1300 1392 1341 de
1431 1310 1596 1353 corpore
1634 1298 1789 1341 uisibili

275 1367 547 1410 inuisibiliter
577 1368 666 1424 agit
697 1369 850 1412 anima.

978 1503 1082 1557 VII.

277 1610 401 1656 QVOD
447 1618 509 1648 EX
558 1618 773 1657 QVATVOR
810 1619 1067 1650 ELEMENTIS
1114 1618 1349 1650 CONSTENT
1396 1618 1786 1658 QVINQVEPERTITI

813 1675 976 1707 SENSVS
1015 1675 1249 1707 CORPORIS.
1800 1681 1835 1707 20

332 1755 424 1797 Iam
464 1768 561 1797 uero
603 1768 883 1810 quaecumque
924 1756 1103 1811 corporis
1144 1755 1336 1797 sensibus
1363 1755 1604 1810 tangimus,
1647 1756 1706 1798 ita
1736 1758 1786 1799 ad

276 1836 457 1878 quosque
508 1837 650 1867 eorum
690 1837 875 1879 quaeque
916 1838 962 1867 ex
1005 1825 1091 1867 illis
1131 1824 1348 1878 speciatim
1388 1824 1613 1879 pertinent,
1657 1827 1701 1867 ut
1744 1825 1787 1867 in

415 1984 431 2019 1
459 1985 606 2028 gustare
629 1994 654 2028 p
783 1984 896 2028 possit
920 1983 1178 2019 AOHLMRS
1301 1984 1323 2019 2
1347 1983 1463 2029 possit
1487 1984 1700 2020 AGHLRS

276 2042 297 2076 3
329 2044 504 2076 exsereret
533 2041 689 2082 BGFR,
731 2043 885 2076 exereret
914 2042 1012 2084 rell„
1054 2043 1229 2077 exerceret
1261 2042 1281 2076 b
1421 2042 1451 2076 si
1475 2052 1510 2076 se
1534 2042 1621 2086 ipse]
1647 2051 1789 2086 seseque

277 2099 351 2143 ipse
389 2098 469 2134 Sch.
609 2099 632 2133 4
668 2109 729 2143 per
762 2109 828 2133 om.
863 2100 899 2134 A
1037 2109 1106 2144 quo
1140 2109 1184 2134 ew
1214 2098 1308 2144 quod
1346 2099 1396 2134 Α2
1533 2098 1626 2143 quod
1662 2099 1696 2134 G

276 2157 298 2191 5
329 2156 473 2191 uisibile
504 2155 861 2192 AGDFH¹PRS¹T
875 2156 975 2200 Sch„
1016 2156 1195 2191 uisibilem
1229 2157 1265 2191 B
1403 2156 1600 2201 inuisibile]
1633 2158 1670 2190 et
1701 2156 1787 2191 add.

279 2213 313 2249 G
474 2223 677 2257 corporeum
701 2213 853 2249 BDFP
1012 2215 1268 2260 incorporeum]
1296 2215 1350 2248 est
1373 2213 1460 2248 add.
1484 2213 1791 2249 ACDE²FH¹M

275 2270 340 2307 Rb
359 2270 455 2313 sch„
496 2271 551 2305 est
575 2270 611 2306 Β
751 2272 788 2305 et
811 2281 876 2306 om.
910 2271 944 2307 G
1082 2272 1136 2305 est
1159 2281 1226 2307 om.
1252 2270 1567 2313 ACDFGMRb,
1607 2281 1787 2315 super-scr.

277 2339 361 2374 BH
503 2319 630 2374 ’‘'illud
659 2342 721 2403 2est
756 2339 797 2374 Ε
982 2340 1086 2385 illud]
1125 2340 1224 2375 aliud
1259 2340 1295 2376 R
1486 2339 1507 2373 6
1544 2339 1687 2374 uisibne
1723 2340 1794 2377 RS

278 2407 357 2442 Sch.
495 2389 753 2443 nisibile⁰⁸illud
779 2408 810 2444 S
944 2409 1042 2444 uisus
1067 2419 1132 2444 om.
1161 2409 1195 2445 G
1333 2408 1478 2443 auditus
1503 2419 1569 2444 om.
1594 2409 1667 2453 M¹,
1699 2409 1786 2446 add.

277 2464 347 2506 M2,
388 2474 454 2500 om.
490 2464 657 2510 editores,
690 2466 861 2501 inserunt
891 2470 1013 2502 autem
1038 2470 1124 2511 post
1148 2468 1279 2511 gustus
1418 2466 1439 2501 7
1471 2466 1642 2512 animato]
1668 2468 1789 2502 anima

276 2523 353 2555 tota
377 2521 451 2557 Mb
580 2523 603 2557 8
626 2524 663 2558 et
686 2523 1012 2568 corporea—iuxta
1036 2533 1102 2559 om.
1128 2524 1179 2558 M
1181 2526 1220 2566 ¹‚.
1243 2524 1278 2557 et
1302 2532 1466 2568 corporea
1490 2525 1576 2558 sunt
1601 2525 1637 2559 et
1661 2524 1788 2559 inuisi-

277 2578 384 2613 bilia:
421 2589 492 2613 non
517 2580 632 2624 igitur
656 2580 757 2615 iuxta
781 2580 866 2615 add.
892 2580 952 2615 M²
975 2582 1017 2615 in
1041 2591 1154 2626 mary.
1294 2582 1315 2616 9
1340 2580 1524 2615 trahentia
1540 2581 1788 2616 -inuisibilia

277 2645 344 2670 om.
375 2635 451 2670 Mb
593 2637 631 2671 11
668 2639 768 2672 tuam
792 2647 859 2672 om.
893 2637 1063 2673 BDE¹F
1197 2638 1441 2682 incorporeum
1472 2637 1502 2674 G
1639 2638 1683 2673 12
1714 2648 1789 2673 esse

278 2714 345 2740 om.
365 2703 399 2740 G
516 2705 559 2740 13
574 2681 647 2740 {gi-eft
672 2705 703 2741 S
839 2705 883 2740 14
907 2706 978 2740 nisi
1003 2706 1147 2741 uisibile
1172 2706 1249 2742 Sch.
1350 2735 1358 2745 .
1391 2708 1435 2743 15
1458 2706 1636 2742 hominem
1660 2707 1697 2744 R

279 2761 321 2796 19
346 2762 518 2797 elementa
543 2764 696 2806 quatuor
721 2763 878 2807 quinque
903 2763 1063 2797 sensibus
1089 2765 1285 2799 committit
1310 2763 1453 2799 ABRS
