1884 2998
1485 116 1601 146 XXXI

105 226 317 279 praeterea
355 224 465 265 recte
504 223 697 265 exhibent
736 224 803 278 60,
835 224 891 265 23
929 224 1040 266 illud
1078 226 1205 267 etiam
1240 240 1311 268 nec
1351 230 1385 268 te
1421 228 1603 270 arbitror

106 293 282 347 diffiteri
340 290 563 344 quamlibet
611 291 767 333 multas
817 292 986 334 animas
1036 294 1216 346 perfecte
1263 295 1468 347 sapientes
1516 309 1603 337 non

99 362 202 415 plus
247 374 393 413 sapere
437 373 557 401 una
601 359 817 401 itidem
861 361 1009 402 anima
1044 365 1224 414 perfecte
1263 363 1461 416 sapiente,
1507 376 1602 405 nam

108 429 215 483 quod
246 441 319 482 ego
353 429 496 481 scripsi
527 428 678 470 cossata
713 428 969 481 reliquorum
1008 428 1210 471 librorum
1242 432 1443 484 scriptura
1478 432 1602 485 (idem

105 499 254 540 omisso
285 497 391 549 una)
425 496 535 538 idem
565 509 655 537 una
685 496 782 538 ferri
808 497 964 550 nequit,
997 497 1188 550 quoniam
1219 510 1298 539 non
1321 501 1470 553 agitur,
1503 513 1602 541 num

104 566 262 608 multae
300 565 463 607 animae
503 564 682 617 perfecte
724 566 928 618 sapientes
971 565 1019 607 de
1056 579 1136 608 una
1167 568 1385 620 eademque
1417 568 1529 609 certa
1560 582 1602 609 re

107 634 199 688 plus
235 635 305 686 (z
336 633 488 687 magis)
528 633 705 686 sapiant,
753 646 876 686 quam
916 645 1001 675 una
1042 635 1179 676 anima
1220 635 1397 689 perfecte
1428 636 1600 689 sapiens,

106 703 177 744 sed
208 715 307 744 num
339 702 505 743 omnino
536 701 693 742 multae
721 700 880 743 animae
911 702 1003 755 plus
1026 702 1199 755 sapiant,
1224 716 1347 756 quam
1372 716 1465 745 una.
1509 705 1603 745 nul-

104 771 192 811 lum
233 773 372 813 autem
414 770 612 811 mendum
643 769 898 822 frequentius
929 771 1135 823 reperitur
1165 771 1209 812 in
1240 771 1447 813 codicibus
1480 772 1602 814 Clau-

107 838 232 887 diani,
274 850 397 892 quam
442 837 551 879 idem
596 849 670 890 pro
717 837 863 878 itidem
908 837 1122 890 scriptum.
1155 863 1207 868 ——
1242 839 1334 891 125,
1371 842 1415 880 11
1459 839 1605 882 deinde

104 906 142 947 si
180 907 254 959 qui
291 905 424 947 morbi
462 905 727 959 inaruerunt,
767 905 1061 958 impedimento
1090 908 1211 948 sunt:
1258 906 1357 949 E²G
1399 908 1510 963 (cum
1550 909 1600 961 B)

106 986 302 1028 exhibent
338 986 579 1040 inglraerint
622 976 816 1040 (inyruer
844 986 928 1039 M),
975 988 1014 1027 et
1053 986 1162 1027 recte
1201 987 1377 1040 quidem,
1419 991 1466 1029 ut
1503 989 1605 1029 mihi

105 1067 212 1096 nunc
243 1054 419 1106 uidetur,
453 1055 603 1096 collato
635 1055 751 1096 textu
796 1066 937 1109 graeco
969 1080 1022 1087 —
1054 1057 1180 1098 uerba
1226 1056 1334 1098 enim
1367 1070 1386 1098 e
1420 1057 1603 1099 Platonis

104 1124 320 1166 Phaedone
350 1137 390 1177 p.
423 1124 477 1166 66
509 1123 539 1165 O
570 1124 811 1178 deprompta
841 1124 940 1165 sunt
968 1138 1044 1165 —-:
1084 1117 1136 1166 ἄν
1165 1141 1273 1174 τινες
1303 1118 1420 1167 νόσοι
1451 1140 1604 1180 προς-

105 1189 335 1243 πέσωσι,
373 1190 680 1247 ἐμποδίζουσιν
710 1188 828 1249 ἥμιῗν
858 1193 949 1235 κτλ.

163 1261 301 1302 Etiam
342 1263 382 1303 in
423 1262 544 1304 falsis
586 1263 802 1316 scripturis
841 1263 1075 1305 exhibendis
1105 1262 1158 1304 ΕΩ
1188 1265 1228 1304 et
1259 1262 1295 1305 G
1327 1263 1600 1315 consentiunt,

106 1343 153 1370 ex
199 1331 346 1382 quibus
391 1330 556 1383 praeter
599 1330 667 1380 95,
703 1331 754 1372 16
799 1331 1026 1383 introspice
1071 1343 1145 1384 pro
1187 1331 1299 1373 intro
1338 1332 1497 1384 inspice
1537 1331 1605 1373 uel

106 1398 282 1439 maxime
313 1398 492 1452 insignes
525 1402 624 1440 sunt
658 1400 750 1448 163,
777 1400 831 1442 10
861 1399 1101 1452 adspiciens
1131 1400 1331 1453 respicere
1361 1414 1446 1441 non
1471 1395 1619 1453 potest

106 1466 194 1507 nisi
220 1469 399 1518 partem.
443 1466 560 1508 uidet
587 1467 723 1521 iyitur
747 1467 893 1519 locum,
923 1469 996 1522 qni
1017 1468 1206 1510 localiter
1225 1468 1358 1511 uidet:
1391 1468 1475 1521 ubi,
1500 1468 1604 1521 quod

105 1534 195 1576 nisi
224 1535 268 1576 in
298 1535 415 1577 libris
446 1537 607 1588 praeter
637 1537 682 1578 M
714 1536 841 1591 deest,
873 1537 961 1579 1000
985 1536 1191 1579 laboranti
1222 1535 1323 1579 EQG
1354 1537 1414 1577 sic
1441 1548 1605 1578 succur—

106 1604 217 1653 runt,
263 1605 311 1644 ut
357 1603 593 1645 exhibeant:
641 1617 680 1645 a.
722 1618 757 1645 r.
801 1617 886 1646 non
921 1607 1068 1658 potest.
1111 1607 1283 1657 partem
1323 1604 1454 1657 iyitar
1493 1604 1608 1646 uidet

108 1671 304 1722 locorum,
346 1671 421 1724 qui
463 1671 649 1713 localiter
688 1671 815 1721 uidet,
863 1674 905 1714 et
937 1673 1002 1723 72,
1038 1672 1087 1714 17
1120 1673 1222 1724 quia
1250 1672 1518 1724 perspicuum
1549 1675 1606 1713 est

107 1741 199 1782 aeri
228 1740 409 1782 similem
438 1739 507 1781 illi
535 1741 668 1782 inesse
697 1743 915 1792 naturam,
945 1741 1017 1783 ubi
1049 1755 1096 1783 ex
1128 1741 1313 1783 codicum
1335 1740 1607 1792 plurimorum

109 1810 312 1863 scriptura
341 1809 475 1850 simili
495 1809 563 1851 uel
582 1809 762 1850 similem
781 1810 892 1852 recte
913 1810 1122 1863 scripsisse
1143 1809 1246 1851 mihi
1266 1809 1408 1850 uideor
1428 1808 1607 1849 similem

108 1877 189 1930 illi,
222 1890 315 1920 oum
337 1876 374 1919 G
405 1876 474 1918 illi
495 1881 534 1919 et
555 1876 609 1918 ΕΩ
639 1877 708 1920 illi
727 1877 907 1919 similem
927 1902 983 1909 -
1002 1878 1168 1919 uidetur
1189 1879 1326 1918 autem
1349 1875 1402 1918 ΕΩ
1431 1875 1609 1917 similem

109 1948 159 1989 de
200 1959 273 1989 3110
313 1946 520 1989 addidisse
559 1947 601 1987 et
646 1947 797 1988 codicis
830 1946 867 1988 G
897 1946 1117 1988 lectionem
1147 1946 1311 1987 tantum
1342 1947 1437 1987 ante
1469 1944 1608 1986 0011103

108 2015 311 2066 habuisse,
343 2016 450 2056 unde
471 2015 690 2056 uerborum
711 2015 816 2057 falsa
838 2014 1054 2057 collocatio
1073 2014 1313 2067 explicanda
1336 2015 1397 2054 est
1424 2037 1467 2043 —
1494 2025 1608 2066 prae-

109 2084 243 2126 beant.
293 2084 441 2136 quibus
480 2083 581 2125 locis
620 2084 710 2125 arta
748 2084 963 2125 amborum
998 2082 1198 2125 librorum
1236 2082 1425 2135 cognatio
1457 2081 1609 2134 optime

109 2152 366 2206 perspicitur.

168 2219 273 2262 Cum
304 2220 398 2264 GM
428 2218 632 2261 consentit
662 2218 735 2262 ΕΩ;
767 2219 836 2271 26,
862 2219 916 2261 14
945 2218 1000 2260 sit
1026 2217 1122 2274 (om.
1145 2217 1267 2270 rell.)‚
1299 2216 1366 2267 49,
1391 2216 1416 2257 6
1445 2214 1610 2257 aecidat

114 2289 304 2343 (accedat
339 2289 466 2340 1011.),
510 2289 576 2342 61,
614 2288 665 2330 19
698 2286 789 2344 (si)
822 2288 922 2343 (om.
954 2288 1081 2340 1011.),
1127 2286 1192 2337 97,
1227 2284 1280 2326 14
1317 2282 1610 2336 maynitueline

116 2357 428 2412 (magnitudine
465 2355 781 2410 maynitudines
810 2356 944 2410 rell.),
994 2355 1087 2404 103,
1120 2355 1173 2397 19
1209 2353 1493 2405 incorpoream
1524 2353 1609 2402 (in-

113 2439 311 2478 corporea
350 2424 479 2480 rell.)‚
529 2425 622 2479 113,
657 2425 709 2467 19
753 2424 842 2476 fore
882 2423 1009 2477 (forte
1052 2422 1177 2475 1011.),
1226 2420 1320 2473 120,
1354 2419 1407 2462 10
1448 2430 1611 2473 ynarus

117 2494 312 2548 (iynarus
345 2493 467 2547 rell.)‚
503 2492 596 2544 182,
629 2492 686 2534 24
714 2492 839 2534 renui
873 2492 1030 2544 (renuit
1058 2491 1181 2544 1011.),

169 2561 248 2604 Sed
295 2573 429 2615 neque
473 2561 516 2603 in
556 2558 609 2600 ΕΩ
647 2558 891 2601 arbitrariae
936 2558 1179 2600 recensionis
1225 2556 1404 2610 uestigia
1448 2555 1608 2604 desunt,

113 2630 228 2671 uelut
263 2630 329 2679 17,
364 2630 416 2673 15
447 2628 628 2670 materia
657 2627 895 2682 materiale]
925 2626 1105 2668 materia
1134 2624 1187 2667 ΕΩ
1220 2622 1455 2678 (materiale
1486 2622 1608 2675 1011.),

115 2699 184 2752 31,
216 2697 242 2739 6
272 2701 466 2740 mouetur
497 2698 590 2740 add.
622 2696 687 2750 ΕΩ,
735 2695 792 2739 ib.
823 2695 963 2750 istinc]
998 2695 1110 2745 istec,
1159 2693 1252 2743 160,
1286 2694 1307 2733 1
1339 2693 1376 2732 et
1414 2702 1610 2742 suprema
