1884 2998
264 121 400 151 XXIIII

262 234 393 276 tutius
425 233 589 275 uidetur
618 234 663 275 in
693 233 945 287 reliquorum
974 233 1175 275 librorum
1197 234 1402 286 scriptura
1424 241 1570 285 capere
1593 233 1756 287 acquie—

262 315 386 344 scere.
403 325 459 331 —
478 301 571 351 105,
597 301 654 344 24
673 301 712 343 si
731 301 779 342 in
792 315 876 355 pro
897 314 983 343 non
1008 300 1220 354 (adncrbio
1241 301 1334 342 add.
1357 299 1418 355 M)
1441 299 1544 352 forie
1557 301 1755 355 posuisti,

263 372 309 411 ut
338 369 650 422 incorporatum
672 383 755 423 pro
786 382 873 411 non
901 371 1166 423 corporatum
1195 368 1302 410 nelis
1331 368 1536 422 intelleyi:
1575 369 1618 410 in
1648 370 1755 411 notis

262 437 418 479 criticis
454 438 787 480 additamentum
818 438 971 480 codicis
1002 438 1048 480 M
1078 437 1306 492 genuinum
1337 438 1380 479 et
1409 450 1496 479 non
1536 437 1754 479 delendum

261 518 348 548 esse
393 505 624 559 suspicatus
670 518 782 548 eram
829 506 921 548 coll.
971 505 1064 558 106,
1103 506 1131 547 5
1180 504 1250 547 sin
1291 507 1429 547 autem
1470 505 1594 547 istius
1644 505 1754 547 modi

256 574 570 627 praepositione
599 573 849 627 simpliciter
878 587 980 616 usus
1010 586 1063 625 es,
1096 574 1137 616 et
1167 574 1294 616 etiam
1323 586 1445 625 nunc,
1478 575 1512 616 si
1542 575 1692 616 nonin
1713 576 1754 617 M

261 643 435 694 abesset,
473 642 533 683 ita
568 654 788 694 censerem,
835 643 882 684 ut
918 642 1114 684 adum-bio
1142 642 1367 697 genuinam
1397 642 1626 697 lectionem,
1672 656 1755 685 non

261 711 439 765 glossam
482 714 716 764 temporum
757 710 931 752 decursu
962 722 1034 763 pro
1066 710 1140 752 illa
1169 710 1212 751 in
1243 710 1403 752 textum
1433 710 1638 753 intrusam
1669 723 1753 753 esse

261 780 501 821 statuerem.
533 780 602 820 sed
635 791 728 820 cum
759 779 906 821 uocula
926 792 1012 820 non
1034 778 1224 820 omnibus
1247 778 1367 820 libris
1388 781 1589 830 tradatur,
1620 780 1754 832 potius

260 846 458 889 aduerbio
498 848 719 901 glossatori
759 847 897 889 deberi
936 847 1220 889 iudicauerim.
1251 870 1307 877 -
1341 848 1435 897 106,
1471 849 1521 889 15
1551 848 1619 889 sin
1657 861 1752 890 uero

259 916 522 958 scribendum
554 916 615 957 est
650 917 747 968 (non
776 915 814 957 si
844 928 941 956 nero
974 928 1068 957 011111
1096 914 1176 969 M),
1209 915 1359 969 quippe
1389 916 1496 970 quod
1529 917 1656 958 etiam
1684 917 1751 970 69,

258 983 326 1025 21.
358 984 424 1034 86,
448 984 515 1025 25.
550 984 644 1035 158,
668 984 735 1026 15.
777 984 870 1035 182,
892 985 917 1025 3
939 985 1115 1038 legatur.
1135 1009 1191 1015 —-
1214 983 1308 1032 110,
1331 986 1387 1027 20
1407 985 1582 1026 formam
1602 984 1753 1027 haruin

261 1065 353 1095 cum
384 1053 429 1095 M
459 1066 532 1107 pro
564 1066 706 1094 earum
738 1053 831 1095 dedi
853 1052 919 1106 (in
940 1052 1094 1094 harum
1113 1052 1369 1094 discussione
1390 1066 1626 1105 causarum,
1652 1068 1753 1107 quac

257 1123 403 1173 suapte
434 1123 594 1162 natura
623 1123 711 1162 tam
753 1120 894 1163 clarae
931 1124 1030 1163 sunt
1061 1121 1173 1175 etc),
1206 1122 1398 1174 quoniam
1418 1124 1657 1175 pronomine
1686 1122 1752 1164 hic

255 1192 351 1230 ante
391 1190 651 1231 enuntiatum
691 1189 914 1231 relatiuum
955 1190 1039 1231 fere
1071 1191 1307 1232 constanter
1337 1191 1472 1232 utitur
1503 1191 1751 1233 Claudianus

255 1270 327 1311 pro
363 1257 412 1298 is.
463 1259 531 1299 sed
561 1257 817 1312 reliquorum
861 1258 1060 1300 librorum
1104 1259 1147 1300 in
1180 1260 1266 1300 eius
1298 1260 1410 1300 modi
1441 1259 1629 1301 minutiis
1657 1272 1752 1302 con-

254 1337 420 1368 sensum
458 1326 541 1367 iam
581 1326 674 1368 nolo
715 1325 944 1379 neglegere.
981 1350 1035 1355 ——-
1069 1326 1162 1378 110,
1206 1327 1256 1368 21
1298 1339 1448 1368 causae
1486 1329 1574 1368 iani
1613 1328 1752 1369 clarae

252 1397 363 1449 suni,
412 1396 460 1435 nt
504 1393 719 1436 obscurari
756 1393 903 1446 potius
945 1393 1234 1445 disputatione
1279 1394 1528 1437 uideantur:
1573 1396 1617 1437 M
1660 1398 1750 1450 post

252 1462 536 1515 disputatione
557 1462 673 1504 addit
694 1461 876 1514 mininie,
900 1463 1007 1515 quod
1025 1462 1219 1505 Schottus
1241 1464 1283 1504 in
1304 1463 1472 1505 minuta
1491 1465 1749 1514 immutauit,

253 1543 326 1584 ego
357 1533 403 1572 ut
435 1530 575 1572 nimia
604 1531 853 1572 scriberetur
882 1531 993 1572 suasi
1026 1531 1253 1584 (Hartelius
1284 1531 1505 1585 mihimet).
1558 1534 1628 1574 sed
1664 1533 1750 1574 dis-

245 1598 469 1651 putatione
501 1598 703 1641 adiectiuo
735 1611 813 1641 non
845 1599 984 1640 addito
1024 1600 1179 1653 optime
1210 1601 1308 1642 ferri
1338 1613 1454 1654 posse
1487 1601 1643 1643 certum
1674 1606 1749 1653 est,

252 1679 376 1720 quam
407 1667 456 1709 ob
487 1680 577 1709 rem
602 1679 684 1709 non
707 1669 779 1715 est,
813 1680 885 1709 cur
914 1667 1013 1709 libri
1038 1667 1083 1709 M
1103 1668 1360 1721 scripturam,
1383 1670 1624 1722 praesertim
1655 1683 1750 1712 cum

254 1735 336 1777 nisi
377 1747 466 1777 eam
505 1735 794 1777 immutaueris
833 1736 944 1777 stare
977 1736 1141 1778 omnino
1172 1748 1250 1779 non
1282 1736 1424 1790 possit,
1458 1738 1747 1791 praeferamus.

249 1803 334 1845 iam
383 1815 478 1845 uero
529 1805 607 1846 iste
660 1805 775 1847 locus
824 1804 1011 1846 nonnihil
1062 1805 1218 1847 confert
1263 1807 1313 1848 ad
1366 1805 1546 1847 alterum
1596 1806 1748 1849 rectius

249 1872 586 1926 intellegendum.
632 1873 701 1926 88,
728 1873 778 1915 19
798 1873 844 1915 Μ
866 1874 1053 1926 praebet:
1076 1873 1158 1914 scio
1189 1876 1328 1915 antem
1348 1872 1458 1915 lianc
1478 1874 1653 1915 condem
1674 1875 1747 1929 (sc.

252 1939 556 1994 Zonyitndincin
568 1941 660 1983 sinc
674 1941 915 1994 latitudine)
933 1941 1091 1995 liquido
1107 1941 1291 1995 conspici
1306 1955 1393 1983 non
1409 1954 1493 1983 csse
1509 1943 1747 1999 multorum,

249 2023 376 2063 quain
406 2022 500 2052 cuni
530 2009 729 2051 Marcius
759 2023 917 2063 qnoque
949 2010 1226 2063 philosophus
1255 2014 1425 2065 ncqarei
1455 2011 1746 2054 mathematico

249 2078 434 2121 Adrasto
465 2091 507 2120 se
537 2078 692 2128 nidore,
725 2092 818 2120 cum
849 2078 984 2121 lineas
1014 2078 1234 2131 fabrorum
1254 2079 1429 2121 minime
1449 2080 1620 2131 uideret,
1654 2081 1746 2122 rell.

248 2147 422 2188 minime
460 2148 673 2189 omittunt.
718 2161 766 2188 ex
796 2147 983 2198 mininie,
1026 2148 1133 2201 quod
1174 2148 1312 2190 sensui
1353 2149 1491 2202 aperte
1530 2151 1746 2203 repugnat,

248 2216 462 2258 Hartelius
509 2218 712 2271 sagaciter
756 2217 897 2259 elicuit
941 2217 1085 2266 nimie,
1134 2217 1242 2271 quod
1279 2216 1324 2258 in
1363 2217 1522 2258 textum
1569 2218 1748 2272 recipere

249 2296 329 2326 11011
369 2284 571 2327 dubitaui.
622 2285 694 2327 sed
725 2285 761 2327 si
793 2286 917 2327 etiam
951 2286 1045 2341 110,
1077 2285 1130 2327 21
1162 2285 1337 2327 minime
1367 2285 1674 2339 peruersissime
1704 2288 1747 2329 in

248 2352 293 2394 M
323 2353 511 2395 additum
544 2366 645 2406 esse,
690 2355 760 2396 ubi
791 2354 906 2396 nullo
938 2355 993 2396 sit
1028 2366 1128 2408 opus
1161 2354 1457 2403 additamento,
1488 2357 1745 2407 reputamus,

247 2420 335 2462 1000
376 2422 426 2463 de
474 2435 552 2475 quo
597 2424 758 2476 agimus
797 2435 869 2476 per
909 2423 1082 2465 eandem
1121 2423 1428 2477 interpolatoris
1459 2422 1674 2465 inscitiam
1705 2427 1745 2465 et

247 2488 392 2532 iudicii
423 2491 708 2533 oscitationem
738 2492 929 2534 uoculam
958 2492 1097 2534 sensui
1127 2504 1295 2545 prorsus
1316 2491 1606 2533 aduersantem
1628 2491 1747 2532 addi-

247 2558 333 2599 tam
375 2571 460 2600 esse
498 2559 733 2602 statuamus
774 2562 945 2613 oportet.
978 2585 1033 2591 -
1067 2561 1161 2611 111,
1193 2560 1219 2602 3
1249 2561 1297 2601 in
1327 2558 1436 2601 illud
1465 2573 1581 2600 nnnc
1611 2560 1747 2613 maqis

248 2626 334 2667 nisi
354 2629 580 2670 contemnis
601 2628 802 2670 adncrias
825 2629 900 2682 (M,
924 2630 1095 2671 aduerte
1117 2630 1168 2680 G,
1189 2629 1380 2671 adiici-ies
1401 2627 1509 2680 1011.)
1532 2628 1744 2670 animum:

248 2692 433 2737 futurum
477 2708 549 2750 pro
595 2697 844 2750 imperatiuo
891 2698 1002 2739 haud
1042 2710 1134 2739 raro
1174 2696 1364 2739 adhiberi
1403 2697 1576 2746 constat,
1623 2708 1746 2749 quare
