1884 2998
288 105 341 149 14
840 101 1002 138 Fausti
1026 101 1235 138 Reiensis

284 231 414 274 iacuit
444 231 489 273 in
519 229 733 284 sepulcro:
762 240 843 283 quo
874 228 996 271 modo
1025 240 1107 273 non
1137 229 1202 271 est
1230 228 1387 280 localis,
1418 241 1542 283 quam
1573 241 1666 272 caro
1696 241 1794 273 con-

286 302 406 351 tinet,
438 300 529 343 uita
559 298 791 354 coniungit,
822 309 933 341 mors
963 298 1159 352 separat?
1196 298 1304 352 quod
1323 299 1371 352 si,
1402 300 1450 340 ut
1470 297 1586 348 dicis,
1617 298 1792 341 localem

286 368 579 411 necessitatem
621 368 856 411 animarum
897 369 1049 410 natura
1090 379 1172 410 non
1212 368 1374 422 recipit,
1406 379 1489 410 non
1520 368 1672 410 desunt
1693 380 1792 421 ergo

285 439 327 479 et
359 437 408 479 de
439 436 608 492 regione
637 435 822 490 paradisi
851 435 963 488 illae,
996 447 1101 489 quae
1133 448 1296 478 carcere
1327 435 1580 478 clauduntur
1610 435 1791 477 inferni?

286 505 365 559 dic,
398 517 563 559 quaeso,
604 505 642 547 si
673 505 826 547 locales
863 516 946 546 non
976 505 1088 556 sunt,
1122 517 1200 558 quo
1230 506 1353 547 modo
1383 506 1616 559 peccatores
1647 516 1672 546 a
1702 516 1792 546 coe·
1824 517 1840 542 5

283 573 398 617 tibus
421 573 716 627 consortiisque
737 574 943 616 iustorum
966 575 1136 615 uastum
1157 574 1261 616 illud
1283 574 1404 616 chaos
1426 573 1539 615 tristi
1561 572 1794 615 interiecti—

285 654 362 684 one
403 643 675 696 discriminat,
719 644 765 684 ut
805 654 970 695 neque
1010 642 1133 684 hinc
1172 642 1269 685 illo
1300 643 1518 696 possint
1548 642 1793 684 accedere

286 725 448 766 neque
478 713 597 754 inde
628 712 724 753 huc
755 710 1114 754 transmeare?
1151 711 1235 753 iam
1267 711 1373 753 illud
1403 709 1793 753 manifestissimum

285 783 360 830 est,
406 783 453 822 ut
484 781 718 834 quantitate
750 780 1153 833 circumscribantur,
1201 792 1304 834 quae
1335 778 1482 834 spatiis
1516 779 1792 822 continentur.

285 849 322 892 si
367 850 576 904 agnouisti
619 849 802 891 animam
844 849 1030 899 localem,
1074 849 1247 891 concede
1290 860 1540 903 corpoream.
1585 847 1653 889 dic
1689 847 1842 889 mihim

285 931 392 961 anne
424 918 513 972 ipsa
544 917 711 972 gloriosi
736 918 876 959 anima
906 918 1180 971 redemptoris
1210 918 1342 959 nostri
1373 918 1547 971 reliquit
1576 917 1793 967 mundum,

285 987 449 1041 quando
481 988 735 1029 consurrexit
767 987 818 1028 ad
848 988 1042 1029 caelum?

342 1068 430 1122 Ego
476 1070 614 1109 autem
661 1080 712 1108 ne
758 1068 929 1121 angelos
976 1068 1142 1121 quidem
1184 1067 1333 1109 locales
1374 1079 1462 1109 esse
1500 1065 1794 1119 dubitauerim,

284 1148 387 1189 quos
412 1138 572 1178 certum
604 1138 666 1178 est
698 1149 809 1178 nunc
837 1136 882 1177 in
913 1135 1162 1178 caelestibus
1194 1136 1410 1187 contineri,
1443 1147 1553 1177 nunc
1583 1147 1656 1188 per
1688 1136 1794 1176 aeris

287 1217 416 1247 uacua
462 1205 572 1256 ferri,
619 1217 728 1246 nunc
774 1205 826 1246 ad
869 1207 1035 1247 terrena
1079 1205 1251 1253 dimitti,
1299 1217 1398 1259 quos
1445 1217 1579 1246 sermo
1624 1203 1794 1245 diuinus
1810 1218 1842 1244 15

285 1274 639 1315 ascendentes
688 1276 735 1315 et
793 1274 1179 1316 descendentes
1229 1275 1272 1315 in
1323 1273 1584 1328 patriarchae
1633 1272 1794 1315 uisione

285 1342 499 1397 describit,
545 1344 615 1396 qui
655 1343 798 1397 utique
838 1344 873 1385 si
914 1343 1068 1385 locales
1108 1356 1189 1385 non
1221 1345 1357 1385 essent
1388 1344 1428 1385 et
1459 1342 1611 1395 ubique
1642 1342 1793 1392 essent,

286 1412 429 1453 adesse
460 1412 584 1465 atque
616 1412 824 1454 discedere
853 1424 1029 1454 ascensu
1061 1412 1340 1465 descensuque
1370 1424 1451 1453 non
1475 1411 1656 1464 possent.
1707 1411 1795 1463 ipse

285 1479 554 1522 beatissimus
594 1480 778 1532 Gabriel,
820 1481 904 1534 qui
944 1494 992 1523 se
1024 1483 1142 1522 ante
1188 1481 1330 1522 deum
1363 1481 1573 1522 adstare
1603 1481 1795 1531 testatur,

287 1561 382 1591 cum
413 1549 623 1591 caelorum
654 1549 870 1591 dominum
894 1550 1050 1591 Mariae
1071 1549 1375 1592 infundendum
1399 1547 1631 1590 uisceribus
1653 1547 1795 1588 nunti·
1808 1565 1842 1589 20

287 1621 377 1660 aret
407 1630 584 1672 cumque
610 1619 699 1669 ,sub
741 1619 971 1660 dominicae
1004 1618 1306 1673 [praeceptione
1337 1617 1626 1672 ordinationis]
1663 1615 1795 1658 oculis

285 1686 498 1741 genitricis
518 1687 752 1739 adsisteret,
775 1688 861 1730 sine
883 1688 1007 1729 dubio
1030 1688 1143 1730 caelo
1165 1688 1320 1740 deerat,
1343 1687 1476 1729 maria
1496 1700 1576 1729 non
1599 1697 1795 1740 superuo-

424 1826 444 1862 7
470 1826 554 1862 Luc.
581 1828 633 1869 16,
660 1827 705 1862 26
843 1828 887 1863 16
912 1827 999 1862 Gen.
1023 1827 1078 1870 28,
1107 1828 1149 1862 12
1285 1827 1328 1862 19
1354 1827 1438 1862 Luc.
1467 1827 1497 1868 1,
1525 1827 1567 1861 19

358 1959 375 1992 1
405 1958 530 1993 localis
554 1969 625 1993 non
649 1960 703 1993 est
725 1959 762 1992 A
893 1958 916 1993 2
946 1958 1134 2003 coniungit
1158 1959 1237 1993 uita
1260 1958 1296 1993 Z
1309 1958 1483 1994 Ganisius
1614 1960 1799 2004 separatur

286 2014 324 2050 R
461 2015 493 2050 si
518 2015 571 2060 ut]
598 2016 692 2050 sicut
715 2015 814 2050 M¹Z
951 2017 973 2050 3
1006 2015 1140 2060 recepit
1163 2015 1211 2050 Ζι
1234 2016 1424 2059 Garamas,
1464 2016 1609 2061 respicit
1633 2017 1708 2052 Mb

284 2072 309 2107 4
345 2072 410 2107 illa
445 2072 736 2109 ABOEFHRS
871 2074 893 2108 6
929 2073 1084 2118 uastum]
1121 2073 1258 2107 iustum
1295 2073 1468 2108 Cani-sius
1605 2073 1677 2108 fuit
1711 2077 1799 2110 ante

285 2128 378 2164 illud
402 2130 534 2165 inserit
558 2130 604 2165 H
714 2129 818 2165 cahos
843 2130 955 2166 MRb
1095 2130 1115 2165 7
1141 2130 1233 2165 illud
1258 2130 1294 2164 Z
1405 2131 1520 2176 possit
1543 2132 1578 2166 Z
1693 2133 1715 2166 9
1741 2132 1795 2177 ut]

285 2187 380 2231 quod
417 2187 489 2222 Mb
513 2187 684 2223 Canisius
832 2188 872 2222 11
911 2187 1031 2222 31111113
1067 2188 1220 2232 gloriosi
1256 2188 1326 2223 Ma
1465 2188 1509 2223 12
1541 2189 1725 2234 consurgit
1759 2188 1797 2232 S,

287 2245 441 2279 surrexit
465 2245 553 2288 Mb,
595 2244 799 2279 conscendit
825 2245 859 2280 Z
878 2245 1053 2281 Oanis-ius
1193 2246 1236 2281 13
1268 2256 1332 2280 nec
1362 2245 1436 2281 Mb
1576 2247 1619 2281 14
1651 2249 1705 2282 est
1730 2257 1797 2282 om.

287 2302 324 2336 Z
337 2301 513 2337 Canisius
651 2313 745 2337 nunc
779 2302 830 2347 in]
868 2313 931 2337 nec
967 2303 1005 2337 in
1045 2303 1065 2337 b
1213 2303 1256 2337 15
1294 2313 1446 2338 uacuum
1481 2303 1517 2338 Z
1535 2303 1707 2339 Oanisius

288 2360 330 2394 17
357 2359 546 2404 descripsit
571 2359 664 2401 Mb,
707 2358 873 2394 discribit
897 2360 933 2396 R
1061 2360 1122 2405 qui
1148 2371 1214 2395 om.
1239 2360 1274 2395 Z
1291 2360 1463 2396 Canisius
1595 2361 1640 2396 18
1664 2360 1798 2396 discen·

287 2416 370 2451 dere
406 2417 440 2451 Z
577 2416 806 2461 discensoque
844 2417 880 2451 Z
1014 2418 1154 2462 possint
1189 2418 1340 2454 MRSZ
1474 2418 1618 2463 ipseque
1653 2419 1805 2454 AREF

287 2473 367 2509 HR
385 2474 464 2508 Sch.
635 2474 677 2509 19
713 2473 875 2519 gabrihel
912 2474 1091 2510 ABHSZ
1262 2475 1444 2510 dominum
1480 2475 1516 2510 Z
1538 2475 1709 2511 Canisius

288 2533 383 2565 stare
407 2531 478 2565 Ma
502 2534 537 2566 et
561 2530 729 2566 Schottus
859 2532 902 2566 21
927 2532 1171 2577 praeceptione
1196 2532 1445 2577 ordinationis]
1470 2543 1537 2567 o‘m.
1562 2533 1598 2567 Z
1618 2533 1800 2576 Cani-sius,

287 2588 523 2633 precepcionis
547 2589 773 2624 ordinacione
797 2589 862 2632 M,
901 2589 1001 2625 deest
1025 2589 1128 2635 apud
1157 2589 1288 2626 Claud.
1314 2590 1487 2625 Mamert.
1513 2590 1594 2625 libr.
1621 2590 1701 2625 III
1719 2602 1800 2635 cap.

295 2657 353 2693 VI
485 2657 530 2692 22
567 2650 713 2694 adsisf&
749 2659 808 2701 M,
860 2659 1007 2694 assistat
1042 2659 1063 2694 b
1203 2659 1336 2704 deerat]
1375 2661 1452 2694 erat
1483 2659 1515 2692 Z
1537 2659 1708 2695 Canisius

287 2714 398 2749 marie
432 2714 463 2749 Ο
