1884 2998
258 164 340 206 172
772 161 1012 198 Claudiani
1036 162 1245 198 Mamerti

254 287 494 342 subiungis:
537 299 652 330 ecce
693 288 869 330 anima
909 288 950 329 si
990 283 1370 330 Alexandriam
1401 288 1486 330 uel
1514 287 1763 330 Hieroso-

255 356 448 411 lymam
499 356 705 410 cogitat
751 356 799 399 et
848 355 893 398 si
941 368 1028 409 per
1078 356 1470 411 cogitationem
1516 355 1627 398 tota
1677 356 1763 398 sui

254 424 572 478 praesentia
611 424 735 467 illic
775 424 1053 476 interfuit,
1099 425 1303 467 referat
1344 423 1494 467 nobis
1523 424 1659 466 situs
1691 424 1762 465 lo-

253 505 456 546 corum,
499 494 685 535 uultus
726 493 1017 546 hominum,
1057 496 1228 536 motus
1268 493 1516 546 actusque
1550 492 1761 552 populo-

252 574 377 603 rum.
429 573 511 603 non
542 561 735 615 dispudet
767 563 909 604 auctor
938 562 1064 604 huius
1095 562 1326 604 sententiae
1358 563 1569 615 exemptae
1598 560 1761 603 animae
1791 575 1809 602 5

252 629 556 684 corporalitatis
597 642 806 684 capessere
844 630 1060 686 indicium,
1103 630 1213 673 unde
1244 629 1596 684 incorporalitatis
1628 628 1761 671 uideri

252 697 398 740 debuit
433 700 757 752 argumentum?

967 844 1050 899 XI.

249 960 374 999 QVOD
405 960 583 991 ANIMAE
613 960 734 991 VISIO
766 960 835 991 SIT
872 959 1183 991 INTELLECTVS
1218 961 1276 990 ET
1308 959 1436 990 SICVT
1467 959 1555 989 PER
1587 957 1759 989 CORPVS

247 1029 388 1059 VIDET
430 1028 718 1060 CORPORALIA
760 1028 829 1059 SIC
869 1030 957 1059 PER
998 1029 1048 1060 SE
1084 1029 1224 1059 VIDET
1256 1028 1526 1071 SPIRITALIA,
1559 1027 1685 1066 QVOD
1718 1027 1758 1058 SI
1770 1034 1806 1060 10

247 1097 337 1127 PER
375 1095 425 1127 SE
464 1096 669 1128 VIDISSET
701 1096 912 1128 CORPORA
942 1097 1151 1128 FACILIVS
1182 1097 1267 1127 SVA
1305 1097 1497 1127 VISCERA
1533 1095 1754 1127 VIDISSET.

306 1175 523 1218 Hactenus
556 1176 722 1229 quidem
752 1176 802 1217 de
833 1175 964 1217 animi
994 1177 1233 1229 incorporea
1264 1176 1386 1229 atque
1407 1175 1579 1218 inlocali
1599 1175 1757 1217 uisione

248 1243 439 1298 disserui,
481 1256 529 1286 ac
568 1243 726 1296 liquido
756 1243 896 1297 patuit
927 1244 1106 1286 eundem
1136 1244 1253 1286 nulla
1283 1244 1492 1286 mediante
1523 1244 1757 1286 substantia

248 1313 419 1354 aeterna
448 1324 610 1366 semper
642 1314 766 1365 atque
797 1312 1065 1354 inmutabilia
1095 1313 1293 1354 contueri.
1345 1313 1473 1366 igitur
1504 1325 1598 1355 cum
1627 1312 1755 1354 ratio-

246 1381 352 1423 nalis
393 1381 533 1422 anima
572 1393 645 1434 per
680 1393 722 1422 se
761 1379 1047 1434 incorporeum
1083 1381 1207 1434 atque
1239 1380 1415 1423 inlocale
1449 1381 1680 1435 conspiciat
1711 1383 1754 1423 et
1767 1398 1802 1425 15

245 1449 478 1498 ueritatem,
511 1461 617 1503 quae
653 1451 752 1491 deus
794 1453 870 1500 est,
903 1461 928 1490 a
956 1448 1144 1491 falsitate
1175 1450 1298 1504 longe
1329 1451 1568 1504 incorporea
1597 1450 1754 1492 uisione

245 1518 455 1560 discernat
493 1519 535 1559 et
573 1518 655 1560 nisi
691 1530 762 1572 per
803 1529 949 1571 corpus
990 1517 1142 1561 localia
1179 1529 1453 1572 corporeaque
1484 1531 1567 1560 non
1597 1519 1751 1568 uideat,

242 1599 448 1641 quaenam
489 1586 594 1629 ratio
626 1589 689 1629 est
724 1586 813 1628 illis
855 1587 1029 1628 eandem
1065 1586 1177 1629 credi
1207 1587 1402 1638 similem,
1436 1589 1487 1630 ad
1518 1599 1624 1641 quae
1655 1599 1752 1630 con-

244 1655 459 1709 spicienda
488 1655 713 1708 interprete
749 1667 918 1708 corpore
958 1655 1105 1707 utitur,
1138 1655 1181 1697 et
1210 1655 1312 1706 illis,
1344 1667 1449 1709 quae
1479 1668 1551 1710 per
1581 1669 1624 1698 se
1654 1668 1752 1699 con-

244 1724 485 1778 templatur,
517 1723 692 1766 iudicari
713 1723 995 1766 dissimilem?
1025 1725 1190 1767 animae
1216 1725 1335 1776 uisio‚
1368 1725 1416 1766 ut
1445 1737 1565 1778 saepe
1587 1725 1748 1768 dictum
1764 1742 1799 1768 20

244 1793 305 1835 est
335 1805 410 1834 nec
438 1793 591 1835 iterare
621 1793 750 1847 piget,
783 1792 1022 1835 intellectus
1053 1795 1129 1835 est.
1178 1795 1390 1836 enimuero
1412 1805 1603 1847 corporea
1623 1794 1751 1836 intel-

242 1861 327 1916 legi
365 1863 588 1915 nequeunt,
630 1861 776 1904 sentiri
816 1862 867 1904 ab
908 1862 1048 1904 anima
1087 1875 1160 1916 per
1200 1875 1346 1916 corpus
1388 1864 1559 1916 queunt.
1610 1864 1752 1905 anima

242 1943 340 1974 uero
370 1930 481 1974 sicut
510 1943 584 1984 per
615 1942 760 1985 corpus
791 1930 921 1973 sentit
952 1932 1014 1974 ita
1043 1944 1116 1986 per
1151 1944 1194 1974 se
1225 1931 1450 1987 intellegit,
1483 1944 1626 1974 eorum
1647 1944 1750 1985 quae

241 2000 482 2042 sentiuntur
522 2000 647 2053 atque
680 1999 986 2055 intelleguntur
1025 2001 1263 2044 substantia
1303 2001 1425 2055 longe
1472 2000 1638 2043 diuersa
1673 2002 1749 2043 est.

378 2124 399 2158 1
424 2124 467 2159 cf.
492 2134 573 2169 pag.
600 2124 654 2168 12,
678 2124 702 2159 4

309 2241 332 2272 4
355 2239 473 2273 motus
498 2248 565 2273 om.
590 2238 782 2274 ABDEF
896 2239 919 2274 5
942 2238 1025 2283 non]
1050 2249 1142 2274 nunc
1167 2238 1249 2274 Βοὴ.
1365 2239 1523 2284 disputet
1545 2238 1658 2275 DFL

239 2297 418 2331 auctorem
434 2296 454 2331 b
580 2296 600 2330 7
620 2295 842 2341 argumentis
858 2295 946 2330 libri
956 2299 1110 2340 praeter
1132 2295 1302 2332 0E²GM
1313 2299 1347 2331 et
1364 2296 1446 2331 Βοὴ.
1569 2297 1613 2331 12
1629 2307 1653 2330 a
1668 2307 1750 2331 uer-

240 2352 293 2387 bis
317 2353 383 2388 lin.
408 2356 451 2388 14
475 2353 590 2398 igitur
614 2363 694 2388 cum
719 2353 810 2388 noui
834 2352 978 2388 demum
1001 2353 1156 2397 capituli
1178 2353 1328 2389 initium
1350 2353 1463 2388 sumit
1486 2353 1537 2387 M
1651 2353 1748 2398 equi·

239 2409 319 2444 dem
346 2409 381 2445 G
511 2410 652 2455 quidem
678 2409 732 2455 de]
758 2409 864 2454 quide
887 2410 969 2445 inde
991 2410 1028 2446 R
1159 2410 1334 2445 diuisione
1358 2410 1395 2446 R
1534 2410 1579 2445 13
1601 2410 1748 2444 eandem

239 2466 314 2501 Mb
432 2467 475 2502 14
491 2467 637 2513 semper]
655 2466 763 2502 simul
780 2466 861 2502 Βοὴ.
986 2467 1028 2502 15
1045 2467 1220 2511 conspicit
1236 2467 1316 2502 Βοὴ.
1435 2467 1478 2502 16
1495 2466 1602 2512 longo
1619 2468 1656 2501 A

240 2523 283 2557 17
308 2523 380 2568 per]
406 2534 470 2568 par
488 2526 534 2568 1²²
668 2525 711 2560 18
734 2534 907 2570 quaenam
931 2524 1025 2567 Mb,
1067 2524 1292 2570 quaemalum
1318 2523 1364 2568 G,
1403 2534 1493 2568 quae
1516 2524 1642 2559 horum
1668 2523 1745 2559 rell.

238 2583 275 2615 et
292 2579 371 2615 Sch.
486 2581 544 2616 illi
561 2592 598 2616 se
613 2582 687 2617 AB
811 2581 929 2616 simile
945 2581 982 2617 R
1097 2583 1204 2626 atque
1220 2581 1293 2616 AB
1301 2580 1474 2617 GG¹H¹S
1591 2580 1636 2615 20
1651 2580 1746 2615 indi-

237 2637 311 2672 cari
334 2637 418 2672 libri
438 2642 589 2682 praeter
615 2639 650 2674 G
788 2638 832 2673 21
865 2647 1010 2683 corpora
1034 2638 1108 2674 Mb
1246 2638 1291 2673 22
1322 2638 1455 2673 sentire
1485 2637 1655 2673 ABH¹R

237 2724 300 2760 pro
334 2716 371 2752 R
508 2717 552 2752 23
588 2699 764 2763 eorumq⁸3¹⁰
788 2718 851 2759 M,
896 2728 1081 2764 eorumque
1117 2729 1160 2753 ue
1197 2719 1234 2761 b,
1281 2728 1470 2762 eorumque
1505 2729 1593 2764 quae
1623 2729 1652 2763 p

237 2773 287 2810 24
311 2773 472 2808 sentiunt
490 2776 536 2818 1²²
673 2777 709 2809 et
733 2785 821 2820 quae
841 2776 887 2820 12²
