1884 2998
621 108 681 143 De
705 110 835 144 statu
859 111 1032 147 animae
1062 113 1080 148 Ι
1105 115 1136 149 6.
1569 121 1622 163 41

130 234 206 281 est,
245 232 475 285 incorporei
513 245 679 286 prorsus
709 233 845 289 imago
886 248 967 278 non
1005 239 1080 279 est.
1135 240 1205 280 sed
1237 241 1461 296 incorporei
1491 243 1628 298 imago

130 301 205 351 est,
235 301 469 355 incorporea
499 301 629 356 igitur
659 304 744 344 est:
786 316 881 345 nam
914 305 1012 358 quia
1042 307 1178 349 creata
1209 311 1285 363 est,
1316 322 1398 352 non
1428 313 1492 353 est
1513 312 1626 362 deus,

131 371 226 423 quia
257 369 393 425 imago
425 370 491 412 dei
522 373 597 421 est,
630 383 709 413 non
742 374 802 413 est
839 384 999 426 eorpus,

841 564 920 617 VI.

99 688 255 727 5QVOD
295 689 389 719 CVM
427 689 552 719 OMNE
592 681 919 721 IRCORPOREVM
958 691 1207 722 INVISIBILE
1238 692 1319 735 SIT,
1351 694 1445 725 NON
1475 695 1630 726 AVTEM

485 758 613 788 OMNE
644 758 919 789 CORPOREVM
956 760 1152 791 VISIBILE
1183 760 1276 793 EST.

187 848 266 890 Sed
299 848 454 891 subicis
479 863 503 892 a
523 850 663 892 nescio
695 850 856 904 quibua,
890 863 1065 904 quorum
1095 851 1238 893 tamen
1268 852 1483 895 nominum
1513 854 1630 896 nobis

129 918 324 959 notitiam
367 918 557 971 subripis,
601 920 662 961 sio
699 918 847 969 doceri,
889 921 936 961 ut
976 920 1059 961 alia
1097 919 1237 962 dicant
1263 933 1349 962 esse
1379 921 1630 976 incorporea,

129 985 213 1027 alia
252 986 495 1030 inuisibilia.
546 988 784 1030 tremendae
829 987 989 1029 scilicet
1034 987 1209 1041 peritiae
1254 989 1511 1042 tractatores,
1559 992 1631 1045 qui

82 1066 258 1108 musque
297 1055 349 1098 ad
387 1056 462 1098 hoc
499 1058 769 1109 penetrauere
799 1058 1031 1099 secretum:
1073 1056 1108 1098 si
1139 1057 1221 1099 alia
1250 1058 1491 1112 incorporea
1520 1060 1629 1115 sunt,

128 1124 209 1165 alia
239 1124 483 1176 inuisibilia,
522 1138 618 1180 ergo
658 1126 896 1179 incorporea
933 1138 1012 1168 non
1043 1128 1140 1167 sunt
1170 1126 1414 1170 inuisibilia.
1466 1128 1632 1183 postpo-

129 1193 313 1234 nendum
344 1196 406 1235 est
437 1194 569 1248 igitur
599 1194 888 1248 incorporeum
919 1194 1031 1236 omni
1063 1206 1267 1248 corporeo,
1301 1197 1395 1248 quia
1426 1196 1528 1238 dicit
1559 1208 1633 1250 per

131 1263 366 1315 apostolum
414 1262 593 1305 ueritas:
638 1274 768 1316 quae
813 1263 1086 1314 uidentur,
1133 1263 1446 1317 temporalia
1490 1265 1630 1317 sunt,

130 1342 261 1384 quae
299 1332 470 1373 autem
510 1344 604 1373 non
642 1332 914 1382 uidentur,
956 1333 1173 1373 aeterna
1211 1332 1346 1373 sunt.
1402 1344 1547 1373 uerum
1584 1334 1631 1374 tu

85 1416 116 1441 ω
131 1399 370 1441 creatricem
411 1400 675 1452 creatamque
711 1399 990 1441 substantiam
1020 1398 1082 1441 ita
1111 1399 1322 1453 discernis,
1354 1401 1401 1441 ut
1431 1400 1514 1442 alia
1544 1400 1630 1442 sint

130 1467 381 1520 incorporea,
424 1467 510 1509 alia
538 1467 777 1510 inuisibilia.
828 1467 1038 1509 inuisibile
1067 1467 1197 1522 igitur
1227 1479 1349 1509 omne
1381 1479 1630 1522 corporeum,

131 1537 172 1577 et
210 1536 495 1590 incorporeum
534 1548 654 1577 omne
693 1535 872 1577 uisibile.
923 1534 1020 1577 istic
1059 1538 1220 1589 egomet
1257 1536 1387 1578 audeo
1418 1537 1632 1591 sciscit-ari,

130 1603 407 1647 inuisibilisne
457 1605 511 1646 sit
567 1604 666 1646 deus
717 1616 821 1646 anne
868 1603 1078 1646 uisibilis?
1133 1604 1169 1645 si
1214 1615 1449 1658 corporeum
1495 1616 1632 1658 negas,

132 1672 342 1716 uisibilem
383 1685 464 1715 non
505 1685 685 1716 recusas.
735 1673 770 1715 si
800 1672 1060 1715 inuisibilem
1094 1671 1207 1723 dicis,
1241 1684 1479 1726 corporeum
1510 1672 1635 1715 confi-

82 1761 117 1788 20
131 1743 242 1785 teris.
294 1742 521 1784 secundum
564 1742 671 1784 hano
711 1754 806 1797 ergo
853 1742 1118 1792 sententiam,
1165 1753 1268 1795 quae
1313 1740 1391 1784 tibi
1435 1740 1634 1795 nobisque

131 1810 188 1853 sit
218 1811 376 1864 procul,
421 1813 614 1854 aeternus
645 1810 872 1854 inuisibilis
901 1811 1167 1865 incorporeus
1199 1812 1297 1853 deus
1335 1811 1407 1852 aut
1447 1809 1635 1863 incorpo—

271 1959 314 1994 13
342 1959 382 1994 11
406 1959 485 1995 Cor.
510 1959 543 2001 4,
570 1959 613 1994 18

202 2096 218 2130 1
254 2095 292 2129 in
318 2105 460 2139 corpore
493 2094 528 2130 G
666 2094 738 2139 sed]
766 2094 797 2129 si
825 2093 868 2136 G,
910 2093 970 2128 sed
996 2093 1027 2127 si
1052 2092 1243 2127 ABDEF
1379 2091 1401 2125 2
1432 2091 1469 2125 in
1493 2101 1634 2135 corpore

134 2159 168 2194 G
306 2157 431 2203 igitur]
465 2167 533 2214 non
558 2157 644 2192 add.
669 2157 706 2193 R
844 2157 938 2192 hanc
963 2155 1158 2201 periodum
1188 2155 1238 2190 sic
1269 2153 1494 2190 scribendam
1518 2156 1635 2189 censet

131 2240 332 2275 Barthius:
370 2239 402 2274 si
438 2240 557 2284 imago
594 2238 651 2273 dei
686 2239 742 2272 est
777 2237 933 2271 humana.
968 2237 1102 2277 anima,
1139 2235 1336 2279 incorporei
1375 2236 1429 2269 est
1465 2233 1634 2268 uidelicet

131 2304 262 2348 imago.
298 2303 329 2337 si
354 2301 550 2346 incorporei
574 2302 628 2336 est
652 2301 781 2345 imago,
810 2300 1012 2344 incorporea
1037 2298 1162 2342 utique
1187 2299 1222 2331 et
1246 2297 1323 2341 ipsa
1347 2298 1401 2331 est
1538 2295 1558 2329 7
1588 2305 1634 2329 an

131 2360 203 2396 BG
224 2361 267 2395 in
291 2370 381 2401 ras„
423 2364 444 2394 a
467 2359 516 2394 M
643 2358 827 2392 nominum
854 2357 957 2392 uncis
981 2355 1130 2391 inclusit
1155 2353 1322 2390 Schottus
1452 2353 1635 2387 nominum

130 2420 249 2452 tamen
276 2417 307 2452 S
410 2417 432 2451 8
458 2415 616 2461 subrepis
641 2413 875 2456 ABGMRb,
917 2413 1065 2457 surripis
1090 2412 1120 2447 S
1222 2412 1243 2445 9
1268 2411 1441 2445 coactores
1464 2409 1548 2444 L²S

133 2474 177 2508 10
209 2484 317 2518 usque
342 2474 386 2508 ad
417 2484 484 2508 om.
518 2473 552 2509 G
690 2470 917 2516 penetrabere
949 2470 986 2505 R
1125 2470 1167 2503 12
1199 2477 1337 2511 corpore
1366 2466 1457 2508 AB,
1498 2466 1634 2510 corpori

131 2530 284 2566 DEFP
397 2531 441 2565 13
465 2530 608 2564 uidetur
628 2529 664 2565 R
781 2529 825 2563 15
849 2529 1078 2571 creatumque
1094 2525 1130 2561 R
1246 2524 1287 2558 17
1312 2522 1494 2557 inuisibile
1513 2533 1543 2566 p

1554 2578 1576 2596 {n

132 2613 202 2647 ista
227 2611 414 2646 ABDFP
547 2610 708 2654 ergomet
733 2608 769 2643 R
907 2606 1073 2641 suscitari
1098 2605 1117 2639 b
1259 2603 1301 2637 18
1331 2613 1374 2636 an
1394 2612 1423 2646 p
1560 2611 1632 2635 cor-

132 2678 277 2712 poreum
301 2668 337 2702 B
470 2667 512 2702 19
538 2666 719 2701 uisibilem
746 2665 781 2701 G
908 2664 1146 2707 incorporeum
1173 2660 1207 2695 G
1337 2657 1382 2694 20
1406 2657 1632 2701 sententiam]

133 2727 232 2760 tuam
255 2725 339 2760 add.
365 2724 530 2760 Schottus
