1884 2998
464 551 922 625 EPISTVLA
984 553 1328 629 FAVSTI.

207 757 385 822 Quaeris
435 792 458 821 a
507 792 598 829 me,
656 779 1000 821 reuerendissime
1051 781 1335 832 sacerdotum,
1396 794 1473 836 quo
1523 784 1643 825 modo

147 849 315 891 Arianis
355 848 682 902 respondendum
721 849 788 895 sit,
827 849 897 901 qui
927 849 1167 902 blasphemo
1198 862 1266 892 ore
1298 853 1498 893 conantur
1530 851 1648 893 adse-

147 930 253 959 rere:
291 929 373 960 non
403 919 554 971 potest,
587 917 794 970 inquiunt,
827 917 929 969 fieri,
961 918 1041 958 nisi
1072 920 1119 959 ut
1149 918 1283 960 iunior
1313 919 1369 961 sit
1398 920 1562 974 genitus
1593 920 1645 962 ab

116 987 348 1041 singenito.
404 986 523 1027 iuxta
558 998 661 1039 quae
691 986 828 1027 totum
861 985 1075 1027 silentium
1107 986 1222 1040 quasi
1260 988 1395 1029 iussus
1433 987 1645 1031 absoluere

147 1067 230 1097 11011
260 1057 348 1096 tam
378 1066 451 1107 pro
482 1054 543 1096 rei
573 1054 849 1096 instructione
880 1066 1003 1107 quam
1034 1067 1106 1108 pro
1137 1054 1230 1097 fidei
1253 1056 1506 1098 confessione
1526 1070 1646 1110 prae-

147 1135 311 1166 sumam
347 1122 390 1164 id
420 1122 616 1176 primitus
655 1122 895 1174 obseruans‚
929 1136 980 1164 ne
1012 1135 1077 1164 res
1109 1136 1181 1176 per
1211 1137 1252 1165 se
1285 1126 1475 1166 obscuras
1505 1125 1644 1167 studio

147 1191 350 1245 conpositi
390 1191 590 1234 sermonis
629 1191 855 1246 inuoluam‚
903 1192 974 1233 sed
1022 1192 1222 1244 quaedam
1268 1193 1458 1246 pauperis
1502 1206 1647 1235 30113113

146 1261 311 1315 indicia,
364 1273 467 1314 quae
512 1272 593 1302 non
640 1263 728 1302 tam
775 1260 938 1302 ornatui
979 1273 1101 1314 quam
1147 1260 1381 1303 intellectui
1427 1260 1646 1303 uideantur

99 1347 133 1372 ιο
147 1329 315 1381 30111110,
356 1330 608 1382 depromam.
659 1331 880 1382 respondeo
921 1341 1014 1383 ergo
1047 1331 1154 1371 sicut
1183 1331 1426 1383 respondere
1456 1330 1647 1383 discipuli

146 1398 356 1452 magistris
387 1398 739 1451 interrogantibus
771 1399 918 1439 solent.
963 1399 1102 1451 itaque
1136 1400 1186 1440 ad
1217 1401 1480 1452 praeceptum
1511 1398 1648 1440 beati-

146 1467 301 1508 tudinis
340 1469 501 1508 uestrae
540 1467 697 1520 loquor,
739 1469 786 1508 ut
827 1466 1023 1508 discutias
1063 1466 1315 1519 inperitiam,
1356 1468 1560 1509 contestor
1599 1471 1647 1509 ut

145 1536 305 1577 doceas.
366 1547 462 1576 113111
507 1535 615 1588 apud
661 1534 988 1576 eruditissimum
1034 1535 1070 1576 si
1114 1534 1321 1586 reticeam,
1367 1534 1435 1576 uix
1479 1547 1647 1588 possum

145 1603 251 1645 scire
282 1603 382 1657 quid
414 1604 608 1646 nesciam.

202 1683 263 1726 De
300 1683 483 1738 ingenito
525 1683 702 1726 locuturi
747 1682 850 1725 scire
891 1683 1085 1725 debemus
1121 1683 1233 1725 aliud
1265 1695 1351 1725 esse
1382 1696 1517 1725 rerum
1547 1685 1646 1726 sub·

147 1752 337 1805 stantias,
380 1752 496 1794 aliud
527 1765 664 1794 rerum
696 1753 876 1806 nomina,
914 1752 1021 1794 sicut
1051 1751 1167 1793 uerbi
1200 1753 1333 1807 gratia
1364 1765 1456 1794 cum
1498 1765 1644 1794 aurum

99 1717 133 1743 15

215 1948 369 1994 Inteqra
398 1948 486 1983 haec
515 1948 674 1992 epistula
697 1948 739 1982 in
762 1958 836 1982 uno
860 1947 979 1982 codice
1005 1947 1236 1992 Sanqallensi
1260 1946 1321 1989 (Z)
1345 1956 1382 1983 n.
1407 1948 1479 1980 190
1501 1947 1645 1980 membr.

143 2009 185 2042 8⁰
209 2016 299 2040 saec.
327 2005 454 2040 VIIII
474 2009 577 2050 (pay.
598 2007 789 2050 92—110),
813 2006 877 2050 qui
901 2005 1060 2040 continet
1083 2005 1180 2039 inter
1203 2004 1279 2038 alia
1302 2004 1543 2038 collectionem
1565 2003 1643 2047 epi-

143 2063 324 2098 stularum
349 2075 371 2097 a
395 2062 537 2098 Fausto
563 2062 711 2098 Reiensi
734 2063 964 2112 scriptarum,
989 2065 1136 2097 seruata
1167 2065 1225 2096 est.
1276 2060 1414 2096 codices
1443 2059 1646 2095 Claudiani

146 2121 320 2156 Mamerti
351 2120 587 2165 posteriorem
624 2124 770 2155 tantum
805 2120 984 2164 epistulae
1016 2122 1160 2164 partem
1194 2118 1282 2153 inde
1314 2129 1337 2152 a
1367 2117 1488 2152 uerbis
1507 2127 1594 2162 pay.
1620 2119 1646 2152 8

144 2179 209 2213 lin.
234 2180 299 2213 15:
334 2178 508 2222 praecipis
547 2178 585 2212 ut
620 2177 846 2221 respondeam
873 2177 970 2219 (sicl)
1006 2176 1204 2212 continent.
1254 2185 1299 2210 επ
1335 2175 1454 2209 codice
1490 2173 1643 2219 Sangal-

145 2236 238 2272 lensi
273 2235 464 2279 epistulam
494 2235 640 2279 primus
676 2233 790 2269 edidit
821 2233 1007 2268 Henricus
1044 2232 1233 2273 canisius,
1268 2232 1454 2275 Antiquae
1484 2231 1645 2265 lectionis

145 2297 228 2328 tom.
259 2293 293 2327 V
313 2295 384 2327 444
397 2303 480 2336 sqq„
513 2295 555 2326 ut
583 2292 660 2336 ipse
691 2294 846 2326 testatur
871 2291 930 2332 (ib.
950 2301 989 2335 p.
1014 2292 1112 2332 425).
1154 2299 1198 2324 ex
1225 2289 1371 2324 Canisio
1395 2291 1512 2322 autem
1536 2288 1645 2322 ceteri

145 2350 315 2392 editores,
349 2350 450 2384 uel-ut
479 2349 521 2383 in
551 2348 761 2384 bibliotheca
785 2351 940 2392 patrum
969 2347 1130 2382 maxima
1162 2346 1400 2391 Luyduncmi
1428 2349 1507 2379 tom.
1542 2343 1644 2378 VIII

145 2410 219 2443 548
234 2418 325 2452 sqq„
363 2418 441 2442 eam
470 2406 749 2450 desumpserunt
756 2419 768 2449 ,·
803 2406 971 2440 lectiones
1001 2404 1144 2438 illorum
1175 2403 1367 2437 uariantes
1398 2400 1608 2445 compendio
1631 2401 1645 2434 l

143 2464 399 2509 com-prehendi
562 2465 578 2498 1
615 2473 759 2498 menum
791 2472 972 2498 EPISTOLA
1003 2470 1136 2496 sanem
1167 2469 1300 2495 uvsrr
1331 2458 1366 2493 Z
1384 2458 1553 2494 Cam'sius

144 2522 167 2556 2
203 2522 323 2566 queris
360 2521 395 2555 Z
536 2521 822 2555 reuerentissime
859 2519 893 2553 Z
912 2519 1082 2555 Canisius
1231 2517 1252 2550 3
1288 2515 1442 2550 arrianis
1478 2514 1512 2548 Z
1532 2513 1643 2548 Cani-

144 2579 222 2613 sius
361 2578 383 2613 4
420 2577 545 2622 inquid
581 2578 617 2612 Z
751 2577 772 2612 6
804 2586 1061 2621 praesummam
1095 2575 1129 2608 Z
1264 2574 1286 2606 8
1319 2582 1491 2606 sermones
1522 2570 1555 2604 Z

146 2646 206 2669 seu
238 2634 274 2668 Z
408 2634 429 2668 9
461 2634 593 2669 inditia
625 2634 661 2668 Z
797 2634 836 2668 ll
870 2634 1074 2677 preceptum
1100 2630 1135 2664 Z
1271 2630 1312 2664 13
1338 2628 1497 2662 reticium
1521 2626 1555 2660 Z

149 2692 192 2727 15
215 2691 397 2736 loquuturi
423 2691 458 2726 Z
473 2691 641 2727 Canisius

1458 2753 1507 2786 1*
