1884 2998
297 120 380 162 174
807 119 1050 155 Claudiani
1075 119 1282 155 Mamerti

296 244 384 286 lum
414 246 464 287 de
494 243 646 287 Graeco
677 246 892 300 gymnasio
922 246 989 287 uel
1020 245 1192 288 Tobiam
1218 245 1267 288 de
1297 246 1590 299 prophetarum
1626 258 1799 289 numero

294 325 417 366 super
447 312 643 367 ambiguo
675 317 882 368 praesenti
911 315 1040 356 testes
1071 315 1309 365 habeamus,
1343 326 1516 368 quorum
1547 315 1617 356 uel
1639 315 1799 368 Appius

295 381 366 432 eis,
399 382 469 435 qui
500 383 678 425 exterius
711 383 913 425 clarerent
948 384 1078 425 oculis
1109 384 1152 425 et
1181 383 1354 425 interius
1386 383 1670 434 caecuttirent,
1702 396 1799 426 con-

295 450 381 493 silii
411 451 553 494 lumen
584 451 788 506 praebuit,
820 453 887 494 uel
920 451 1215 505 Hermophilus
1244 452 1555 505 Theopompum
1576 452 1797 506 geometri-

295 531 388 561 cam
418 521 507 562 sine
535 521 647 563 radio
678 520 831 571 docuit,
854 521 921 562 uel
952 520 1101 562 Tobias
1130 520 1230 572 filio,
1263 522 1362 562 dum
1384 520 1486 562 caeli
1506 520 1586 562 iter
1607 521 1799 574 praeuius
1832 535 1847 560 5

296 590 458 641 pandit,
497 589 692 643 angelum
734 589 926 631 comitem
967 588 1092 631 dedit.
1142 588 1258 630 uidet
1294 588 1424 643 igitur
1454 588 1617 631 animus
1648 591 1800 643 absque

295 668 462 711 corpore
503 670 578 700 nec
619 658 906 712 corpulentum
946 658 1106 710 aliquid
1137 659 1207 699 aut
1240 657 1470 699 coloratum
1502 660 1575 699 aut
1605 670 1676 711 per
1714 659 1802 701 loca

296 725 539 781 distentum,
574 727 646 768 sed
677 728 811 780 ipsam
841 726 1077 777 ueritatem,
1111 738 1213 779 quae
1244 738 1403 767 summe
1433 727 1675 780 incorporea
1701 727 1800 769 deus

296 796 370 846 est,
402 795 637 848 incorporeo
669 794 975 848 contemplatur
997 794 1158 836 obtutu.
1182 795 1309 847 patet,
1333 796 1380 835 ut
1401 795 1592 846 arbitror,
1615 795 1801 839 animum

296 865 339 904 et
369 875 442 917 per
473 875 516 904 se
547 864 784 916 incorporea
814 866 856 904 et
885 875 957 917 per
988 875 1133 916 corpus
1165 863 1306 905 uidere
1338 874 1543 917 corporea.
1814 879 1847 903 ιο

356 942 434 985 Sed
474 943 581 984 illud
623 943 759 984 adhuc
799 945 966 997 propter
1006 942 1136 996 tepidi
1166 943 1315 985 iecoris
1346 943 1619 986 homunculos
1651 944 1800 986 discuti

297 1013 500 1066 superest,
543 1012 787 1054 utrumnam
824 1023 1016 1065 corporea
1055 1025 1128 1065 per
1158 1024 1200 1054 se
1231 1012 1359 1065 possit
1400 1012 1607 1054 humanus
1639 1014 1801 1054 animus

296 1081 438 1122 uidere
480 1080 571 1122 sine
613 1092 792 1134 corpore.
844 1093 953 1122 nunc
986 1080 1118 1135 igitur
1148 1081 1289 1122 adesto
1321 1081 1434 1122 totus
1465 1083 1506 1122 et
1538 1093 1662 1134 quam
1693 1083 1800 1135 potis

297 1161 340 1190 es
371 1161 565 1203 praesens
596 1149 681 1191 fito.
724 1162 882 1202 nempe,
914 1151 962 1191 ut
993 1149 1187 1202 adstruis,
1218 1150 1425 1191 humanus
1447 1149 1611 1191 animus
1644 1151 1684 1191 et
1713 1151 1799 1203 ipse

296 1229 513 1271 corporeus
545 1219 587 1259 et
617 1220 759 1270 saepto
791 1218 968 1270 corporis
1000 1217 1214 1259 exterioris
1244 1217 1430 1259 inclusus
1461 1218 1496 1259 si
1528 1218 1627 1271 quid
1665 1230 1737 1271 per
1758 1231 1800 1260 se
1818 1230 1849 1256 15

296 1287 435 1328 uidere
476 1298 714 1340 corporeum
756 1287 906 1339 potest,
949 1285 1055 1326 nihil
1096 1285 1162 1327 illi
1204 1285 1368 1328 scilicet
1397 1287 1538 1327 uidere
1569 1287 1800 1340 promptius

295 1357 371 1407 est,
404 1367 527 1408 quam
558 1354 738 1407 corporis
763 1355 940 1404 interna,
963 1353 1055 1406 quis
1078 1353 1297 1396 clauditur.
1340 1366 1429 1408 age,
1452 1367 1613 1409 quaeso,
1636 1355 1803 1398 intende

295 1425 339 1464 in
373 1425 529 1465 uiscera
559 1424 632 1464 tua
663 1424 704 1463 et
735 1423 776 1463 in
807 1433 948 1463 omnes
991 1421 1214 1464 admodum
1257 1434 1472 1476 corporum
1504 1424 1643 1477 partes
1674 1425 1803 1467 istum

295 1504 418 1545 quem
439 1491 609 1534 dictitas
631 1490 759 1532 animi
786 1490 1040 1544 corporalem
1061 1490 1200 1533 uisum
1223 1493 1266 1532 et
1286 1491 1335 1532 de
1355 1492 1485 1533 temet
1507 1494 1593 1545 ipso
1615 1493 1802 1534 renunti-

296 1561 364 1603 ato
394 1560 473 1602 tibi
503 1560 698 1613 nobisque
730 1558 869 1608 dicito,
912 1559 1063 1612 quibus
1103 1559 1236 1602 modis
1277 1571 1409 1613 quoue
1440 1560 1523 1601 situ
1553 1560 1849 1603 triformitaszo

295 1629 449 1671 cerebri
480 1629 608 1680 coeat,
639 1628 784 1670 iecoris
815 1639 951 1670 massa
981 1628 1128 1679 iaceat,
1169 1628 1317 1682 regula
1350 1628 1472 1670 lienis
1503 1629 1684 1680 haereat,
1717 1632 1803 1672 sto·
1876 1661 1881 1665 -

296 1697 433 1739 machi
463 1697 573 1740 libra
602 1697 794 1751 pendeat,
826 1696 960 1738 cordis
992 1697 1198 1750 plectrum
1229 1696 1362 1750 feriat,
1394 1698 1463 1751 qui
1494 1710 1690 1740 uenarum
1715 1701 1801 1740 tra-

295 1766 419 1807 mites
465 1777 621 1819 quaeue
660 1767 834 1818 textura,
876 1777 981 1818 quae
1020 1778 1244 1807 neruorum
1285 1766 1460 1821 origines
1508 1779 1663 1820 quaeue
1708 1779 1803 1809 con-

295 1847 435 1889 pages,
478 1847 581 1889 quae
621 1846 788 1876 ossuum
819 1834 943 1876 coitio
980 1847 1136 1888 quaeue
1168 1836 1393 1889 conpactio,
1427 1848 1527 1889 quae
1558 1835 1803 1889 pulmonum

365 2027 387 2061 3
412 2026 629 2061 extrinsecus
654 2026 728 2062 Mb
865 2026 1002 2061 clarent
1025 2025 1100 2061 BG
1239 2025 1435 2061 ceoutirent
1459 2026 1569 2069 D2E,
1612 2027 1804 2062 cioutirent

296 2106 417 2149 ABS,
458 2107 665 2141 cicuttirent
693 2106 936 2146 CFHLMR,
977 2106 1047 2149 ceci
1072 2086 1219 2140 utelitur
1246 2106 1281 2141 G
1397 2107 1420 2140 4
1444 2106 1621 2151 theopopu
1646 2106 1714 2142 RS

295 2165 319 2198 5
348 2163 473 2198 ducuit
504 2164 540 2199 R
678 2164 772 2197 coelo
805 2164 825 2198 b
963 2164 984 2198 6
1016 2163 1126 2197 uidet’
1158 2164 1193 2198 A
1333 2164 1353 2198 7
1383 2173 1427 2197 ne
1454 2163 1544 2204 Mb,
1585 2175 1651 2199 om.
1677 2164 1713 2200 R

298 2222 341 2255 11
367 2221 501 2266 gecoris
526 2221 577 2255 M
701 2223 744 2255 13
770 2221 852 2255 ades
876 2221 952 2256 Mb
1082 2223 1181 2265 potes
1205 2222 1253 2256 M
1276 2223 1467 2266 (superscr.
1493 2222 1556 2256 M²
1580 2222 1672 2265 potis
1698 2224 1747 2266 es)
1773 2223 1803 2265 b,

296 2279 391 2323 potis
409 2279 450 2312 el!
476 2277 506 2313 S
619 2276 663 2312 14
687 2277 789 2312 finito
813 2278 876 2321 M,
914 2277 990 2312 fato
1014 2278 1052 2320 b,
1089 2278 1161 2312 sito
1182 2280 1226 2322 10²
1342 2279 1481 2323 nempe]
1499 2288 1651 2322 namque
1669 2281 1714 2323 p²

298 2335 343 2370 18
375 2335 413 2369 in
438 2338 524 2369 ante
548 2335 684 2369 uiscera
708 2346 774 2370 om.
801 2335 884 2369 libri
903 2339 1053 2379 praeter
1077 2335 1169 2370 E²G
1193 2339 1225 2371 et
1249 2336 1270 2370 b
1408 2335 1452 2369 19
1483 2335 1525 2369 de
1556 2345 1622 2370 om.
1655 2337 1808 2372 ABDE

296 2414 337 2449 F
464 2415 500 2449 et
523 2414 715 2459 demetipso
743 2414 777 2450 G
904 2417 1135 2460 temetipsum
1158 2416 1327 2451 ΒΕΙΡΗι
1453 2397 1662 2451 renuntiuto
1687 2416 1718 2451 S

296 2473 343 2507 20
367 2472 457 2506 mihi
476 2473 522 2516 ψ
630 2473 723 2506 sitru
748 2473 783 2506 A
896 2473 1092 2507 tiformitas
1115 2474 1167 2515 A,
1211 2474 1412 2508 informitas
1436 2473 1476 2508 E
1587 2474 1630 2507 21
1657 2474 1804 2509 caelebri

296 2528 397 2570 113¹,
434 2528 563 2563 celebri
588 2528 711 2565 HRS¹
731 2529 782 2573 (L
799 2529 910 2573 deest)
1029 2531 1165 2574 gecoris
1190 2531 1239 2566 M
1351 2540 1469 2565 mussa
1493 2530 1542 2565 M
1555 2531 1805 2575 superscripta

294 2586 434 2631 ylossa:
473 2585 645 2630 aequitas,
671 2596 805 2629 norma,
831 2586 971 2631 regula,
1008 2587 1105 2621 unde
1130 2588 1280 2622 amussis
1305 2588 1325 2622 b
1450 2587 1554 2621 lincis
1579 2587 1632 2630 A,
1670 2587 1804 2623 alienus

297 2641 334 2677 R
471 2643 516 2676 24
545 2653 688 2678 ossuum
719 2644 774 2686 R,
814 2645 894 2678 ossii
921 2644 983 2685 M,
1025 2646 1128 2679 ossuu
1155 2645 1199 2686 S,
1240 2646 1372 2679 ossium
1397 2644 1472 2679 rell.
1499 2647 1532 2680 et
1558 2644 1714 2679 editores

296 2720 481 2766 conpactio
504 2721 672 2765 DEF2b,
711 2704 867 2780 Epi-auctio
892 2723 935 2765 S,
978 2724 1154 2768 conpictio
1178 2725 1253 2760 rell.
1279 2735 1359 2760 cum
1385 2724 1455 2759 PT
1477 2728 1510 2760 et
1536 2724 1616 2760 Sch.
