1884 2998
230 121 287 166 64
743 118 988 154 Claudiani
1013 118 1224 154 Mamerti

226 259 307 299 ma,
324 245 470 300 recipit
485 245 628 300 utique
645 246 892 289 sectionem:
910 246 946 288 si
962 245 1111 300 recipit
1129 247 1368 301 sectionem,
1385 246 1534 302 recipit
1549 247 1737 291 inminu-

226 315 403 358 tionem:
434 314 470 356 si
500 314 821 357 inminutionem
854 314 1015 367 recipit,
1046 314 1209 369 perdita
1239 316 1410 369 quisque
1440 316 1530 358 uiui
1556 317 1736 370 corporis

225 384 343 437 parte
382 382 545 425 animae
578 395 737 437 quoque
773 382 909 437 perdit
939 384 1115 436 partem.
1167 395 1263 425 cum
1293 385 1412 438 parte
1443 396 1540 426 uero
1572 384 1737 427 animae

225 452 336 506 perit
379 463 475 505 pars
516 451 752 501 memoriae,
804 451 942 493 anima
973 463 1082 506 ergo,
1115 453 1228 494 cuius
1259 451 1469 494 inminuta
1500 452 1735 495 substantia

225 523 301 574 est,
332 521 473 563 minus
505 519 630 562 debet
660 520 804 573 utique
838 519 1093 562 meminisse.
1145 532 1192 563 ac
1223 532 1295 574 per
1324 519 1406 562 hoc
1437 520 1473 562 si
1503 520 1649 563 localis
1671 523 1734 563 est
1766 536 1785 559 ⁵

224 588 378 642 anima,
410 589 659 631 multimoda
688 588 827 642 potest
857 588 1034 631 sectione
1055 589 1282 631 comminui
1303 589 1344 631 et
1364 588 1599 643 frequentia
1620 601 1732 631 com-

224 657 468 700 minutionis
499 656 668 699 aboleri.
720 656 793 698 sed
824 655 922 709 quia
944 656 1059 698 istud
1090 669 1208 698 mens
1229 668 1343 708 sana,
1366 668 1417 698 ne
1438 655 1575 699 dicam
1597 656 1734 707 docta,

224 737 308 768 non
345 725 511 779 recipit,
551 728 599 767 ut
629 723 863 766 inlocalitas
895 724 1072 776 animae,
1105 727 1311 778 quantum
1344 737 1416 778 per
1445 736 1519 766 nos
1550 724 1627 767 sub
1659 736 1734 778 ope

225 794 369 837 diuina
388 794 564 849 proferri
585 793 783 847 potuerit,
805 793 943 848 magis
960 793 1171 848 adpareat,
1194 795 1242 836 de
1262 793 1448 836 motibus
1470 793 1734 844 disseramus,

225 864 322 918 quia
351 863 524 906 dubium
554 874 635 904 non
667 863 758 915 erit,
790 863 898 904 sicut
930 873 1078 916 corpus
1103 862 1169 904 est
1189 863 1298 916 quod
1319 863 1510 905 mouetur
1530 862 1732 912 localiter,
1747 880 1786 905 ιο,

224 931 287 974 ita
315 944 395 975 non
428 920 518 975 esse
550 943 694 986 corpus
726 931 833 985 quod
863 930 1052 973 localiter
1083 943 1165 973 non
1195 933 1399 974 mouetur.

888 1121 1067 1177 XVIII.

752 1250 865 1281 TRES
894 1249 1000 1281 ESSE
1041 1249 1205 1281 MOTVS.

281 1340 384 1383 Tres
416 1352 512 1395 ergo
544 1353 633 1384 esse
663 1343 815 1394 motus,
849 1342 1054 1396 stabilem,
1092 1341 1314 1385 inlocalem
1349 1341 1607 1395 localemque
1647 1340 1732 1383 iam

223 1411 370 1452 notum
416 1412 493 1451 est.
544 1409 709 1452 stabilis
754 1412 893 1453 motus
932 1410 998 1453 dei
1038 1411 1112 1465 est,
1154 1409 1345 1453 inlocalis
1381 1409 1557 1461 animae,
1587 1409 1730 1452 localis
1747 1426 1785 1452 1⁵

224 1478 420 1533 corporis.
471 1479 634 1522 stabilis
665 1480 804 1521 motus
836 1481 898 1521 est
929 1480 1037 1533 quod
1069 1479 1168 1521 deus
1199 1478 1431 1521 creaturam
1461 1490 1544 1520 non
1569 1490 1732 1533 semper

222 1547 335 1596 fecit,
367 1547 442 1589 sed
471 1549 614 1590 tamen
644 1548 816 1590 eandem
846 1559 930 1590 non
951 1559 1058 1591 noua
1079 1547 1297 1589 uoluntate
1318 1547 1418 1589 tunc
1440 1559 1577 1590 creare
1597 1546 1732 1589 uoluit

222 1628 316 1658 cum
346 1616 516 1669 creauit,
549 1616 648 1670 quia
678 1628 842 1671 semper
871 1618 971 1659 tunc
1007 1615 1145 1658 uoluit
1176 1627 1311 1658 creare
1342 1628 1436 1658 cum
1467 1615 1580 1658 fecit.
1632 1616 1732 1657 tunc

222 1684 421 1738 temporis
465 1684 714 1739 significatio
760 1685 836 1737 est,
887 1697 1051 1740 semper
1099 1697 1181 1728 non
1225 1685 1277 1727 ad
1326 1684 1489 1739 tempus
1537 1684 1730 1737 pertinet.

222 1753 325 1796 tunc
355 1765 450 1807 ergo
480 1753 595 1796 istud
626 1755 678 1797 ad
709 1754 959 1809 principium
990 1754 1191 1809 temporis
1219 1754 1414 1809 pertinet,
1446 1765 1528 1796 non
1551 1753 1602 1795 ad
1622 1754 1729 1795 tem-
1744 1771 1784 1796 20·

221 1834 312 1875 pus,
353 1823 449 1876 quia
487 1824 802 1877 temporaneum
839 1826 1002 1866 motum
1033 1823 1245 1866 stabilitas
1275 1822 1551 1877 sempiternae
1582 1822 1729 1864 uolun-

221 1889 325 1932 tatis
374 1889 566 1943 includit,
617 1903 665 1933 ac
695 1903 767 1945 per
796 1891 875 1934 hoc
906 1904 1069 1946 semper
1100 1893 1200 1933 tunc
1244 1892 1353 1933 uelle
1388 1891 1552 1933 stabilis
1591 1892 1731 1932 motus

222 1959 298 2002 est.
345 1958 413 2001 hic
458 1959 620 2013 oportet
657 1960 834 2014 accipias
873 1960 979 2003 nihil
1010 1959 1167 2002 moueri
1205 1971 1323 2014 posse
1362 1959 1446 2002 nisi
1477 1959 1528 2001 ab
1559 1960 1731 2009 inmoto,

223 2027 347 2081 atque
377 2030 425 2070 ut
456 2028 499 2070 id
530 2028 750 2071 doceamus
780 2029 978 2084 exemplo,
1008 2028 1188 2083 digitum
1210 2031 1321 2071 certe
1342 2028 1423 2070 nisi
1444 2028 1584 2071 stante
1604 2040 1732 2070 manu

293 2221 310 2255 1
349 2220 627 2256 inmutationem
663 2221 872 2257 ABD²EF
903 2224 1078 2266 utroque,
1116 2220 1153 2257 R
1183 2221 1312 2266 priore
1342 2220 1417 2257 loco
1555 2220 1578 2254 3
1613 2219 1733 2264 perdit

221 2300 317 2344 Mb,
357 2300 516 2346 perdidit
551 2301 628 2336 rell.
664 2305 698 2337 et
735 2300 815 2337 Sch-
966 2302 987 2336 6
1023 2282 1236 2337 multimodi.)
1273 2300 1317 2345 S,
1357 2299 1570 2335 multimodo
1614 2300 1643 2335 Ο

221 2391 398 2427 sectiones!
433 2392 471 2428 R
607 2392 815 2438 comminui]
847 2392 963 2427 diuidi
993 2392 1267 2438 ΑΒΒΕΙΓΡῙ)α
1405 2392 1450 2427 10
1487 2391 1534 2436 qd
1570 2374 1733 2427 11¹'10u0tur

220 2449 384 2484 localiter
421 2448 454 2484 S
599 2450 643 2484 14
678 2453 796 2484 motus
832 2460 905 2485 csse
943 2449 1096 2485 editores
1234 2449 1463 2484 inlocabilem
1499 2449 1532 2484 S
1664 2459 1731 2493 que

220 2506 412 2541 iam—est
435 2516 503 2541 om.
535 2506 570 2542 G
709 2507 752 2542 16
783 2517 852 2552 quo
881 2518 911 2551 p
1051 2507 1093 2541 17
1118 2507 1181 2543 sed
1203 2506 1295 2550 Mb,
1336 2507 1372 2541 et
1395 2505 1473 2542 relt-
1500 2509 1533 2542 et
1558 2505 1638 2542 Sch.

219 2564 299 2598 tum
322 2563 373 2598 M
377 2563 398 2598 b
537 2564 580 2599 18
605 2565 691 2599 tunc
715 2574 850 2608 semper
875 2564 912 2599 B
1050 2564 1130 2598 tum
1148 2565 1196 2608 12²
1333 2573 1450 2598 creare
1473 2563 1594 2598 uoluit
1617 2562 1733 2598 ABD

219 2620 342 2665 ΕΙῐῬ2
474 2621 517 2655 19
542 2621 762 2665 significatio
788 2623 843 2656 est
866 2621 1037 2666 temporis
1063 2620 1094 2656 S
1215 2631 1288 2655 non
1313 2631 1380 2657 om.
1406 2620 1443 2657 R
1574 2621 1615 2655 21
1641 2622 1731 2655 tem-

219 2688 454 2723 poraneorum
492 2680 610 2713 motus
649 2679 684 2715 G
823 2679 867 2714 22
903 2689 1041 2724 semper
1077 2689 1143 2714 om.
1181 2689 1207 2722 p
1344 2678 1389 2712 23
1425 2678 1565 2712 inmotu
1601 2678 1638 2714 R

218 2735 265 2770 24
288 2735 326 2770 id
351 2745 416 2770 om.
441 2734 634 2771 ABDEF
648 2735 729 2772 Βοὴ.
868 2737 1004 2772 istante
1027 2735 1094 2778 151¹,
1135 2736 1296 2770 instante
1325 2734 1460 2771 GLRS
