1884 2998
750 105 977 152 Epistula.
1560 113 1610 156 11

112 229 344 284 quantitate
376 230 645 273 determinari
666 231 809 273 locoue
830 231 1033 288 concludi,
1057 236 1350 287 consequenter
1372 247 1464 278 eam
1486 236 1613 279 etiam

111 311 281 353 corpore
311 299 511 342 contineri
540 312 615 341 nec
648 300 737 354 ipse
767 300 852 341 iam
883 299 1061 342 dubites,
1113 313 1193 353 quo
1224 303 1344 343 modo
1366 315 1445 345 non
1469 304 1612 346 localis

112 370 189 419 est,
222 379 324 422 quae
354 368 510 410 inserta
546 367 744 409 membris
777 368 819 409 et
854 368 1035 422 inligata
1065 369 1291 410 uisceribus
1314 371 1410 413 solis
1430 373 1612 415 motibus

110 450 221 492 uaga
251 437 490 479 condicione
525 437 786 478 substantiae
817 437 981 478 tenetur
1011 436 1208 479 inclusa?
1240 441 1343 490 quod
1374 440 1410 480 si
1439 439 1612 482 localem

82 518 192 548 5n0n
232 517 317 548 esse
356 506 538 547 animam
575 505 666 546 ideo
707 505 979 546 adserendum
1019 507 1153 558 putes,
1193 507 1299 559 quod
1338 519 1409 559 per
1452 508 1614 550 diuersa

111 575 299 617 sensibus
333 576 532 628 euagetur
568 577 608 615 et
639 573 963 628 cogitationibus
997 574 1226 625 differatur,
1249 574 1432 628 primum
1454 576 1612 618 intelle-

109 643 291 696 gendum
337 645 414 694 est,
453 643 560 696 quod
599 642 712 683 aliud
753 643 809 683 sit
847 643 1009 685 animae
1046 644 1192 693 status,
1234 644 1347 685 aliud
1385 645 1419 685 is
1458 646 1527 698 qui
1564 646 1614 687 de

111 711 253 753 anima
295 710 478 753 nascitur
517 711 777 764 cogitationis
808 710 1008 752 adfectus.
1059 724 1182 764 quam
1223 711 1272 753 ob
1313 724 1399 753 rem
1438 715 1509 754 aut
1538 713 1615 754 hoc

111 781 249 833 potius
281 779 590 821 aestimandum
622 781 696 828 est,
730 780 838 832 quod
870 779 904 820 si
937 779 1098 832 quaudo
1130 779 1209 820 sibi
1231 779 1390 833 aliquid
1412 780 1616 834 imagina-

65 852 193 902 1013111',
232 849 368 902 magis
407 860 501 890 cum
541 847 627 889 suis
669 848 779 889 intra
817 850 947 889 semet
990 849 1124 900 ipsam
1166 848 1348 890 motibus
1380 850 1615 903 occupetur,

113 919 155 958 et
201 917 235 958 si
281 917 382 970 quid
428 916 542 958 aliud
588 917 665 966 est,
710 916 818 969 quod
860 915 1066 969 adspicere
1105 916 1281 966 uidetur,
1323 917 1456 971 magis
1496 917 1533 959 ei
1571 918 1615 959 in

111 986 405 1028 recordationis
427 985 594 1039 speculo
617 985 887 1027 describatur.
939 997 1036 1027 nam
1059 987 1217 1038 quando
1239 985 1450 1027 absentem
1474 997 1614 1028 carum

111 1066 234 1095 suum
285 1054 453 1108 cogitat,
501 1053 704 1107 numquid
748 1054 832 1095 iam
872 1053 990 1094 uelut
1028 1055 1116 1106 ipso
1157 1056 1370 1107 conspecto
1416 1053 1614 1095 desiderio

111 1123 346 1165 satisfecit?
376 1125 449 1165 aut
481 1136 575 1165 cum
606 1122 725 1164 uerbi
757 1122 892 1176 gratia
912 1122 1024 1164 Petri
1056 1123 1128 1163 aut
1149 1122 1269 1164 Pauli
1302 1122 1478 1174 speciem
1502 1122 1615 1164 intra

64 1208 99 1235 15
113 1192 266 1234 mentis
298 1204 451 1234 arcana
472 1192 670 1246 depingit,
696 1191 898 1244 numquid
924 1191 1070 1232 statim
1092 1191 1260 1232 intimas
1283 1191 1466 1243 paradisi
1487 1193 1615 1241 sedes,

111 1260 186 1303 ubi
217 1273 284 1303 eos
318 1274 404 1303 esse
435 1261 643 1312 nouimus,
666 1261 935 1313 penetrauit?
957 1262 1030 1302 aut
1052 1272 1146 1301 cum
1167 1260 1246 1302 sibi
1268 1260 1309 1302 in
1332 1261 1450 1302 corde
1470 1260 1614 1301 diuitis

112 1330 227 1372 illius
257 1329 446 1372 flammas
479 1343 526 1371 ex
561 1330 736 1372 lectione
767 1330 993 1383 proposuit,
1026 1329 1225 1382 numquid
1257 1329 1339 1371 iam
1362 1329 1413 1370 ad
1436 1331 1617 1370 tormen-

112 1399 250 1440 torum
290 1399 378 1440 eius
418 1399 507 1441 loca
547 1410 593 1440 ac
638 1398 749 1440 uiuis
800 1397 1101 1440 inaccessibilia
1141 1397 1262 1438 inferi
1304 1397 1504 1450 profunda
1542 1397 1613 1438 de-

111 1467 306 1509 scendit?
345 1467 446 1508 haec
484 1467 623 1508 omnia
653 1466 797 1520 procul
837 1466 961 1508 dubio
994 1469 1068 1507 aut
1108 1477 1245 1507 secum
1285 1466 1396 1507 intra
1435 1466 1614 1518 pectoris

65 1547 264 1579 roarcana
300 1548 372 1589 per
402 1535 541 1577 uarias
582 1535 877 1576 similitudines
919 1533 1040 1588 fingit
1071 1536 1143 1576 aut
1174 1535 1282 1575 certe
1313 1534 1347 1575 si
1379 1535 1494 1574 extra
1525 1534 1613 1574 ani-

113 1617 207 1647 mae
238 1605 378 1646 sedem
410 1604 620 1646 instabilis
653 1604 853 1659 cogitatio
886 1603 1045 1645 lubrico
1077 1605 1193 1645 motu
1225 1602 1385 1657 agitata
1406 1598 1632 1652 discurrit,'

184 1798 201 1831 1
227 1796 302 1831 loco
328 1797 386 1830 uel
412 1799 447 1831 A
587 1797 708 1841 etiam]
735 1798 770 1830 et
794 1795 1052 1830 ABEFHRS
1186 1794 1309 1838 etiam]
1335 1793 1429 1827 credi
1453 1792 1617 1826 debemus

113 1859 202 1897 add.
227 1860 297 1894 Mb
437 1859 458 1893 2
483 1859 620 1893 dubitis
646 1859 695 1902 Z,
735 1858 879 1893 dubitas
903 1858 977 1893 Mb
1111 1867 1179 1891 nou
1204 1867 1270 1891 om.
1298 1856 1372 1890 Mb
1507 1854 1530 1888 4
1554 1865 1614 1888 ua·

113 1932 197 1957 cans
222 1922 294 1957 Mb
425 1922 446 1956 5
472 1921 728 1956 adsumendum
755 1921 926 1956 Canisius
1057 1921 1162 1964 putas
1187 1918 1260 1952 Mb
1391 1917 1411 1951 6
1437 1915 1615 1950 deferatur

113 1985 238 2020 MZ²b
258 1985 429 2020 canisius
553 1984 572 2018 7
597 1984 654 2018 his
679 1985 760 2019 ΑΗ
774 1985 831 2027 (in
847 1985 933 2027 ras.)
959 1983 1005 2025 Z,
1046 1982 1105 2016 hic
1135 1981 1306 2017 canisius
1424 1979 1446 2014 8
1471 1979 1615 2013 effectus

109 2049 157 2093 [ι’
295 2050 359 2082 aut
391 2048 439 2090 Z,
480 2050 522 2082 ut
553 2047 742 2089 CanisWs,
781 2058 847 2082 om.
879 2047 967 2088 Ma,
1006 2046 1068 2080 sed
1100 2046 1145 2087 ef.
1184 2043 1311 2080 Claud.
1344 2043 1459 2078 Mam.
1490 2042 1569 2077 libr.
1595 2041 1621 2075 Ι

113 2122 194 2156 cap.
203 2111 389 2146 XXIIII
492 2111 514 2146 9
527 2109 772 2145 extimandum
786 2110 842 2152 M,
868 2108 1141 2144 existimandum
1157 2107 1229 2141 AB
1237 2104 1431 2142 CEFHSb
1444 2104 1523 2140 Sel».

114 2174 258 2219 aliquod
295 2174 371 2209 Mb
518 2174 628 2218 intra]
666 2173 703 2207 in
739 2172 824 2207 add.
855 2173 900 2216 10²
1046 2170 1089 2205 10
1124 2171 1312 2213 occupetur
1347 2169 1387 2209 Z,
1427 2167 1617 2210 occupatur

120 2237 293 2273 Canisius
317 2240 351 2272 et
375 2237 446 2272 Ma
584 2236 626 2271 11
651 2235 741 2270 illud
767 2236 803 2270 Z
822 2235 993 2271 Gam'sius
1125 2233 1156 2267 ei
1181 2243 1247 2267 om.
1273 2231 1344 2265 Ma
1478 2230 1520 2263 12
1544 2238 1617 2263 cor-

114 2299 271 2335 dationis
303 2300 338 2334 Z
364 2299 534 2336 canisius
673 2297 890 2333 discribatur
922 2297 970 2340 Z,
1010 2295 1242 2330 disscribatur
1274 2294 1310 2329 R
1448 2291 1491 2326 13
1521 2290 1616 2335 cogi·

114 2357 212 2392 tauit
235 2357 306 2392 Mb
434 2357 506 2392 iam
531 2367 596 2391 om.
622 2356 692 2390 Ma
830 2355 1018 2399 conspectu
1042 2354 1090 2388 M
1094 2353 1140 2387 ΙΖ
1154 2351 1324 2387 Canisius
1453 2346 1617 2382 desiderii

116 2415 152 2449 Z
279 2414 464 2459 desiderio]
491 2425 554 2449 suo
579 2413 665 2448 add.
690 2413 764 2447 Mb
897 2411 938 2446 15
963 2410 1115 2445 archana
1139 2407 1322 2443 ABHRS
1449 2405 1492 2439 16
1516 2404 1616 2439 noui-

115 2486 195 2511 mus
227 2487 272 2511 εει)
302 2477 518 2513 nouissimos
550 2477 585 2510 Z
723 2475 763 2509 17
797 2474 841 2508 ad
873 2484 940 2509 om.
975 2473 1048 2508 Mb
1191 2471 1232 2505 18
1264 2480 1303 2504 ac
1328 2468 1437 2512 uiuis]
1464 2467 1559 2501 uiuis
1584 2466 1614 2509 b,

115 2539 216 2574 cuius
241 2539 290 2581 Z,
332 2539 445 2573 cuiuis
471 2539 522 2573 Β2
539 2538 722 2579 (laniatos,
741 2536 926 2577 Schottus,
968 2536 1005 2569 ui
1029 2534 1169 2576 (locaui)
1197 2533 1259 2573 M,
1300 2541 1339 2565 ac
1364 2530 1471 2583 uiulis
1497 2527 1526 2563 S

115 2607 242 2642 inferri
279 2607 328 2650 Z,
376 2607 508 2642 inferni
549 2606 719 2642 Canisius
857 2603 1034 2638 discendit
1069 2602 1139 2636 RZ
1284 2599 1326 2633 19
1365 2598 1457 2632 inter
1492 2596 1527 2630 Z

115 2665 161 2700 20
196 2665 349 2700 archana
385 2664 570 2700 ABHRS
705 2662 857 2706 fingitur
893 2660 928 2694 R
1066 2659 1108 2692 21
1147 2656 1309 2691 instabili
1345 2655 1378 2689 Z
1512 2653 1614 2686 mutu

115 2721 239 2757 AB¹Z
