1884 2998
720 102 956 138 nominum.

1539 109 1622 151 209

454 627 526 691 11.
578 628 814 693 INDEX
854 630 1217 697 NOMINVM.

733 782 935 789 ——Q

52 902 295 957 Academicus
319 931 451 956 nouus:
479 922 540 966 qui
564 933 644 957 cum
668 923 798 958 Acade-

119 970 221 1005 micis
257 970 351 1005 nihil
386 971 455 1005 scit
490 974 526 1005 et
556 971 598 1006 de
632 971 682 1006 eis
738 983 802 1007 uae

118 1016 240 1096 ἱιὲιὲοίΐὲ
278 1016 353 1051 sine
404 1016 628 1052 dubitatione
677 1017 718 1052 de
747 1018 801 1052 nit

184 1086 194 1103 ,
243 1086 252 1094 .

52 1118 223 1153 Adrastus
248 1117 522 1153 mathematicus
545 1119 602 1161 88,
626 1119 681 1153 21.

50 1163 252 1199 Alcibiades
276 1162 438 1198 Platonis*v
464 1164 539 1206 127,
565 1164 621 1198 22.

50 1209 181 1288 Amago
197 1208 324 1243 stricto
346 1209 569 1244 decertatura
586 1210 704 1254 gladio
721 1210 797 1252 204,

50 1299 275 1335 Ambrosius:
323 1299 434 1334 uerba
477 1311 517 1335 ex
557 1311 715 1335 sermone
755 1301 796 1335 ad

117 1345 413 1380 Mediolanensem
444 1346 481 1380 in
514 1346 660 1381 ecclesia
690 1357 797 1391 popu·
830 1372 834 1409 Ι

117 1390 190 1425 111111
216 1391 411 1425 afferuntur
438 1392 513 1434 131,
539 1392 600 1435 13;
636 1393 797 1436 appella·

116 1439 179 1515 {ur
202 1435 326 1471 beatus
350 1437 426 1478 131,
456 1437 516 1478 13;
551 1439 692 1472 sanctus
719 1438 795 1479 131,

49 1526 260 1561 Anacharsis
285 1537 303 1562 e
328 1527 474 1572 Scythia
499 1528 574 1568 130,
601 1528 654 1562 11.

49 1572 301 1617 Apologeticus
325 1584 346 1607 a
370 1573 538 1618 Gregorio
574 1573 797 1608 Nazianzeno

108 1618 260 1662 scriptus
287 1618 362 1660 131,
390 1619 423 1654 8.

49 1663 181 1708 Appius
205 1663 248 1698 de
274 1664 433 1699 Romano
472 1666 596 1699 senatu
631 1664 707 1705 173,
733 1664 794 1700 23:

116 1709 255 1743 consilii
291 1709 409 1744 lumen
444 1710 609 1754 praebuit
645 1711 705 1754 qui
744 1722 796 1744 ex-

116 1756 226 1789 terius
273 1755 444 1790 clarerent
485 1756 606 1796 oculis,
647 1756 796 1791 interius

116 1801 327 1834 caecutirent
353 1801 427 1841 174,
454 1801 485 1835 2.

49 1844 245 1889 Archippus
270 1846 529 1891 Pythagoricus
558 1846 631 1887 122,
657 1847 688 1881 2.

49 1891 222 1935 Archytas
270 1891 485 1926 Tarentinus
534 1892 795 1937 Pythagoricus

117 1936 193 1978 121,
223 1937 262 1979 53
304 1936 472 1971 laudatur
505 1949 591 1982 opus
623 1939 697 1972 eius
723 1950 795 1973 ma-

115 1982 286 2033 gnificum
326 1983 369 2016 de
409 1993 525 2017 rerum
570 1986 702 2018 natura
739 1986 793 2020 in-

48 2028 490 2125 Arigteiilstff’xytlffiglorssus
516 2073 592 2116 122,
619 2075 652 2110 2.

48 2116 296 2153 Aristotelicae
320 2122 518 2163 categoriae
542 2120 596 2162 69,
625 2121 658 2155 4.

47 2163 265 2206 Asclepiadei
289 2175 408 2199 uersus
433 2165 488 2205 32,
514 2164 545 2200 6.

48 2209 208 2245 Atticum
231 2212 301 2246 mel
325 2213 403 2255 205,
429 2213 459 2247 7.
486 2213 538 2247 17.

48 2256 209 2291 Aurelius
242 2259 467 2303 Augustinus
492 2262 528 2292 et
552 2259 712 2292 acumine
740 2259 794 2293 in-

115 2302 210 2346 genii
249 2305 284 2337 et
323 2314 440 2338 rerum
484 2303 718 2338 multitudine
758 2308 793 2338 et

114 2348 225 2391 operis
255 2349 348 2383 mole
373 2349 486 2383 ueluti
513 2349 656 2393 quidam
682 2349 794 2394 Chry-

114 2394 235 2474 ῗὲῗὲἔ
259 2395 699 2474 ΒζὲἒΞἚΞἘΜὲιξὴὸἶξὲἓέἓ
731 2399 794 2475 ἓξὲξ

114 2482 222 2517 Varro
276 2485 498 2519 uoluminum
546 2485 794 2529 magnitudine

116 2529 190 2570 133,
242 2530 282 2565 10
291 2542 300 2571 ;
359 2531 569 2574 appellatur
621 2530 793 2575 spiritalis
825 2516 828 2561 Ῑ

115 2573 271 2617 sophista
298 2575 373 2616 133,
401 2577 459 2616 15;
490 2576 622 2610 librum
648 2577 794 2620 scripsit

113 2619 157 2652 ad
189 2619 441 2665 Hieronymum
475 2621 516 2655 de
547 2622 684 2665 origine
716 2622 792 2655 ani-

114 2674 198 2706 mae,
214 2675 314 2709 quem
326 2666 429 2701 ualde
438 2666 615 2701 collaudat
624 2666 794 2711 Hierony·
826 2668 829 2730 1

38 2727 41 2730 -
113 2720 190 2743 mus
217 2711 291 2752 133,
320 2712 371 2746 16.
827 2733 829 2756 ,

181 2777 242 2812 XI.

867 906 1091 961 Brachmani
1109 926 1277 962 Indorum
1297 928 1371 970 130,
1389 930 1441 966 10.
1466 929 1544 974 204,
1565 933 1614 968 13.

868 1044 1017 1099 Catonis
1065 1066 1224 1109 grauitas
1272 1067 1349 1111 206,
1381 1069 1418 1113 1;
1467 1069 1617 1106 Catones

865 1157 973 1194 Cebes
997 1160 1033 1195 in
1059 1160 1220 1196 Platonis
1245 1161 1431 1198 Phaedone
1458 1164 1535 1207 124,
1560 1164 1615 1199 21.

866 1203 1085 1250 Chrysippus
1125 1206 1293 1242 laudatur
1331 1218 1393 1252 pro
1420 1211 1474 1244 ter
1513 1220 1615 1255 argu-

934 1251 1117 1286 mentandi
1141 1252 1313 1287 uirtutem
1340 1254 1383 1289 13
1409 1281 1417 1296 ‚
1449 1255 1509 1297 11;
1535 1266 1614 1300 pro-

934 1298 1013 1340 pter
1038 1297 1261 1341 disciplinam
1287 1298 1364 1341 206,
1389 1300 1422 1335 2.

865 1342 910 1376 M.
938 1341 1106 1394 (Tunius)
1128 1342 1247 1395 Cicero
1266 1344 1342 1388 130,
1363 1345 1425 1390 113
1451 1345 1489 1380 in
1508 1345 1613 1380 Grae-

932 1391 1336 1469 fgffiorffieffissssssffm
1353 1391 1614 1480 ⁰33p2220n31¹3¹1²13

932 1478 1010 1521 204,
1051 1479 1088 1518 83
1136 1479 1300 1514 laudatur
1347 1483 1490 1525 propter
1543 1482 1613 1517 elo-

933 1525 1115 1568 quentiam
1139 1524 1217 1566 206,
1242 1525 1282 1569 33
1319 1527 1531 1571 appellatur
1556 1529 1612 1562 sui

932 1570 1061 1604 saeculi
1101 1581 1260 1605 summus
1300 1574 1418 1607 orator
1458 1573 1534 1616 204,
1575 1574 1613 1617 63

932 1618 1225 1650 commemoratur
1265 1616 1355 1650 liber
1395 1617 1436 1652 de
1475 1621 1615 1654 oratore

934 1661 1069 1705 primus
1097 1661 1171 1702 123,
1198 1661 1251 1695 12.

863 1706 1096 1749 (Claudianus
1135 1707 1343 1751 Mamertus)
1387 1708 1519 1743 amicus
1561 1709 1611 1743 Si-

932 1751 1030 1786 donii
1058 1752 1275 1796 Apollinaris
1312 1753 1363 1795 18,
1390 1753 1421 1788 7.
1448 1754 1524 1795 198,
1552 1755 1611 1797 12;

933 1798 1144 1841 appellatur
1167 1798 1209 1832 in
1234 1797 1398 1833 codicum
1421 1799 1612 1844 inscripti-

930 1843 1061 1878 onibus
1103 1842 1340 1887 Claudianus,
1388 1846 1494 1879 semel
1536 1845 1614 1880 Ma-

930 1889 1066 1923 mertus
1107 1887 1326 1924 Claudianus
1364 1889 1425 1934 (cf.
1454 1891 1530 1934 190,
1565 1891 1612 1935 3).

861 1933 1005 1977 Crispus
1031 1934 1252 1977 (Sallustius)
1280 1934 1355 1975 130,
1383 1935 1434 1969 12.

861 1979 960 2014 Crito
985 1979 1146 2014 Platonis
1173 1979 1250 2021 127,
1277 1979 1330 2014 22.

861 2024 986 2070 Cynici
1011 2025 1141 2059 saeculi
1167 2024 1355 2060 Claudiani
1383 2026 1455 2067 133,
1485 2027 1537 2060 15.

860 2144 1043 2198 Diodorus
1068 2163 1329 2208 Pythagoricus
1357 2164 1433 2206 122,
1461 2165 1493 2199 2.

859 2283 1132 2346 Epaminondas
1158 2302 1416 2347 Pythagoricus
1443 2303 1517 2345 122,
1542 2304 1575 2338 2.

860 2350 1023 2394 Epicurei
1048 2350 1178 2385 saeculi
1204 2350 1391 2385 Claudiani
1419 2351 1494 2392 133,
1525 2352 1578 2385 15.

859 2395 1030 2440 Epicurus
1062 2398 1257 2430 atomorum
1291 2397 1431 2430 minuta
1471 2397 1607 2440 aliquos

927 2441 1076 2475 mundos
1111 2441 1285 2486 parturire
1320 2441 1440 2475 docuit
1475 2441 1549 2483 146,
1574 2443 1606 2477 8.

859 2486 1050 2521 Eucherius
1068 2486 1261 2521 Claudiano
1280 2486 1424 2520 uiuente
1442 2486 1605 2521 doctrina

928 2533 963 2566 et
987 2531 1248 2576 praesentaneis
1274 2542 1388 2565 coram
1413 2531 1604 2576 disputati-

926 2577 1051 2611 onibus
1098 2577 1262 2621 cognitus
1311 2579 1386 2611 erat
1426 2577 1502 2619 135,
1546 2578 1606 2618 12;

927 2623 1134 2666 appellatur
1165 2622 1292 2656 uiridis
1324 2622 1412 2664 aeui,
1449 2624 1605 2656 maturus

927 2668 1046 2708 animi,
1110 2670 1223 2702 terrae
1278 2667 1456 2712 dispuens,
1516 2669 1602 2702 caeli

927 2715 1105 2756 appetens,
1138 2712 1283 2746 humilis
1309 2713 1447 2756 spiritu,
1474 2713 1603 2747 arduus

1428 2780 1469 2814 14
