1884 2998
682 106 922 152 Epistulae
946 106 1068 142 duae.
1544 108 1624 152 199

125 234 341 276 committi.
389 233 495 275 illud
528 233 756 275 etiamnum
789 234 978 276 dolenter
999 233 1090 275 faxo
1109 233 1296 284 tacit-um,
1328 233 1435 287 quod
1456 233 1621 276 libellos

123 301 228 350 illos,
269 313 369 354 quos
401 302 473 343 tuo
514 301 678 344 nomine
716 301 927 345 nobilitari
968 314 1049 344 non
1088 301 1248 353 abnuiS,
1281 302 1394 344 nullo
1425 315 1623 356 umquam

123 370 374 423 inpertiuisti
412 370 639 424 rescripto?
686 370 757 412 sed
797 383 974 413 uacuum
1014 370 1119 412 forte
1159 382 1240 412 non
1281 370 1474 423 subpetit,
1514 371 1622 424 quod

122 439 213 479 tute
256 438 462 479 modicum
503 450 677 492 magnae
720 438 944 480 admodum
984 438 1185 492 inpendas
1223 438 1445 480 amicitiae.
1494 450 1621 492 ecquo

93 506 210 547 stam
242 518 289 548 ex
320 507 520 560 occupatu
551 519 748 560 umquam
780 508 998 562 uspiamue
1028 507 1290 561 inplicabere‚
1320 506 1420 559 quin
1449 506 1554 548 illud
1576 507 1620 549 in

123 573 298 614 aliorum
329 574 540 616 commoda
560 575 780 629 reuergat‘?
803 587 894 617 cum
916 576 1089 629 precatu
1111 574 1233 615 deum
1257 573 1412 628 placas,
1443 574 1620 616 eundem

121 651 201 681 non
230 640 352 682 modo
385 640 542 692 amicis,
572 642 645 683 sed
675 642 829 696 ignotis
866 653 1026 695 quoque
1057 641 1263 683 concilias.
1316 653 1411 683 cum
1442 643 1619 696 scriptu-

121 720 260 750 rarum
292 708 533 750 caelestium
564 710 765 764 mysteria
795 710 973 762 rimaris,
1017 722 1095 763 quo
1126 712 1168 752 te
1199 710 1424 752 studiosius
1454 711 1619 761 imbuiS‚

121 788 167 818 eo
207 777 440 819 doctrinam
479 777 624 819 ceteris
664 778 869 833 copiosius
907 778 1108 820 infundis.
1161 791 1255 821 cum
1303 780 1397 820 tuas
1441 790 1537 833 opes
1577 778 1621 820 in

76 863 108 889 ιο
121 857 218 887 usus
257 845 427 898 inopum
465 846 662 899 prodigis,
704 846 781 888 tibi
813 847 981 900 quidem
1012 846 1202 901 maxime,
1235 846 1306 889 sed
1336 847 1430 889 aliis
1461 858 1619 901 quoque

121 913 352 955 consultum
383 915 497 956 facie.
549 914 720 967 proinde
751 915 858 957 nihil
878 915 1087 965 uidelicet,
1119 915 1301 969 profecto
1323 915 1428 957 nihil
1449 918 1511 957 est
1532 918 1621 958 tam

120 982 390 1024 infecundum
421 981 635 1024 actionum
666 983 834 1023 tuarum
865 984 1064 1036 omnium,
1096 984 1203 1036 quod
1232 982 1312 1025 tibi
1332 983 1406 1025 uni
1427 983 1507 1025 soli
1527 984 1620 1026 tan-

120 1052 210 1093 tum
242 1052 283 1093 et
314 1064 393 1093 non
425 1050 518 1092 aliis
542 1062 701 1104 quoque
722 1050 869 1092 multis
890 1051 1027 1092 tecum
1047 1051 1278 1094 uberiorem
1298 1051 1482 1093 fructum
1502 1051 1620 1094 ferat.

120 1119 238 1161 nulla
267 1131 363 1174 ergo
385 1119 629 1174 cuiusquam
649 1119 975 1173 praepedimenti
998 1120 1153 1161 occasio
1174 1120 1390 1173 praetendi
1419 1120 1494 1162 uel
1515 1120 1620 1163 falso

75 1189 266 1242 15potest‚
306 1201 379 1230 cur
418 1190 580 1243 egomet
619 1187 813 1241 specialis
858 1190 983 1241 atque
1021 1187 1197 1229 intimus
1243 1188 1351 1230 nihil
1390 1202 1414 1231 a
1450 1188 1620 1243 speciali

118 1269 210 1299 meo
233 1257 363 1298 fructi
383 1256 529 1311 feram,
563 1270 586 1299 a
609 1269 687 1310 quo
709 1256 845 1312 ignoti
866 1269 1025 1310 quoque
1046 1257 1227 1298 multum
1248 1257 1415 1311 capiant
1434 1256 1619 1311 plurimi.

119 1325 201 1377 sed,
234 1326 298 1367 uti
330 1338 404 1380 ego
435 1326 620 1375 autumo,
652 1326 767 1367 iuxta
798 1325 976 1370 formam
1007 1324 1242 1379 euangelici
1262 1324 1487 1380 largitoris,
1510 1324 1619 1379 quod

118 1407 199 1436 non
237 1395 310 1437 das
351 1394 484 1436 amico
529 1393 738 1445 esurienti,
780 1393 898 1435 dabis
942 1392 1114 1447 inprobo
1160 1394 1373 1447 pulsatori.
1423 1405 1541 1447 porro
1584 1394 1620 1436 si

119 1464 350 1506 etiamnum
388 1463 510 1506 solito
549 1462 804 1513 obdurueris,
845 1462 974 1504 faxim
1014 1463 1177 1517 egomet
1215 1462 1324 1515 quod
1362 1462 1447 1504 tete
1477 1464 1620 1516 paeni-

70 1548 105 1575 20
117 1532 242 1575 tebit:
265 1532 463 1585 quoniam
485 1534 518 1574 si
539 1530 725 1585 peccabis
746 1531 859 1573 ultra
887 1530 1112 1581 reticendo,
1135 1542 1211 1585 ego
1232 1530 1421 1584 protinus
1443 1530 1620 1573 ulciscar

118 1600 342 1644 scribendo.
392 1612 512 1655 porro
544 1601 655 1642 enim
685 1599 878 1653 ambiguo
911 1601 1022 1641 caret
1054 1602 1139 1642 tam
1170 1600 1211 1641 te
1241 1598 1497 1652 puniendum
1517 1598 1620 1641 scri-

116 1672 187 1724 pto
217 1681 320 1722 meo,
354 1681 480 1723 quam
511 1670 659 1722 punior
690 1670 855 1724 egomet
885 1668 1050 1711 silentio
1081 1670 1168 1711 tuo.
1221 1667 1326 1710 uale.

185 1886 202 1920 1
236 1885 346 1920 etiam
378 1895 448 1920 non
477 1884 516 1920 D
654 1885 676 1919 2
708 1866 836 1919 afmuis
868 1885 920 1927 A,
957 1883 1086 1919 annuis
1117 1883 1195 1918 rell.
1332 1883 1354 1918 3
1383 1882 1619 1928 impartiuisti

115 1977 135 2011 b
272 1977 295 2012 4
325 1977 389 2012 hec
413 1987 482 2021 quo
506 1976 638 2019 BDE,
679 1976 834 2022 haecque
859 1976 895 2011 A
1033 1975 1077 2010 10
1108 1956 1253 2019 inopidu
1285 1974 1322 2008 A
1458 1983 1618 2008 maxume

113 2045 150 2080 B
270 2045 313 2080 13
330 2045 472 2080 uberem
489 2045 645 2080 ABDE
761 2044 803 2080 15
826 2045 911 2078 tuus
931 2046 1014 2088 post
1037 2043 1189 2077 intimus
1214 2041 1299 2077 add.
1316 2045 1404 2077 πετὲ.
1421 2041 1524 2077 editt.

115 2114 158 2149 19
188 2114 298 2148 etiam
322 2117 371 2148 nsi
402 2114 455 2156 A,
496 2116 532 2148 et
557 2115 716 2148 iamnum
748 2112 802 2154 E,
843 2113 951 2147 etiam
976 2110 1020 2147 11⁶6
1051 2111 1095 2153 0,
1137 2110 1245 2145 etiam
1269 2120 1338 2145 non
1370 2109 1464 2153 BD,
1506 2110 1615 2144 etiam

112 2193 207 2218 nunc
232 2183 251 2218 b
389 2182 570 2228 poeniteat
594 2185 682 2217 uett.
708 2180 808 2217 editt.
945 2181 992 2216 ’ΔΟ
1022 2179 1179 2225 peccabis
1211 2179 1295 2223 AD,
1337 2179 1490 2224 peccatis
1523 2179 1616 2222 rell„

112 2252 265 2297 peccaris
290 2251 311 2287 b
