<?xml version="1.0" encoding="UTF-8"?>
<!DOCTYPE html PUBLIC "-//W3C//DTD XHTML 1.0 Transitional//EN"
    "http://www.w3.org/TR/xhtml1/DTD/xhtml1-transitional.dtd">
<html xmlns="http://www.w3.org/1999/xhtml" xml:lang="en" lang="en">
 <head>
  <title>
</title>
<meta http-equiv="Content-Type" content="text/html;charset=utf-8" />
  <meta name='ocr-system' content='tesseract 3.04.00' />
  <meta name='ocr-capabilities' content='ocr_page ocr_carea ocr_par ocr_line ocrx_word'/>
</head>
<body>
  <div class='ocr_page' id='page_1' title='image "./corpusscriptorum11clauuoft_0141.png"; bbox 0 0 1884 2998; ppageno 0'>
   <div class='ocr_carea' id='block_1_1' title="bbox 662 104 1677 153">
    <p class='ocr_par' dir='ltr' id='par_1_1' title="bbox 662 104 1677 153">
     <span class='ocr_line' id='line_1_1' title="bbox 662 104 1677 153; baseline 0.004 -14"><span class='ocrx_word' id='word_1_1' title='bbox 662 104 723 139; x_wconf 88' lang='lat' dir='ltr'>De</span> <span class='ocrx_word' id='word_1_2' title='bbox 745 104 870 140; x_wconf 81' lang='lat' dir='ltr'>statu</span> <span class='ocrx_word' id='word_1_3' title='bbox 893 104 1070 140; x_wconf 78' lang='lat' dir='ltr'>animae</span> <span class='ocrx_word' id='word_1_4' title='bbox 1093 104 1113 141; x_wconf 91' lang='lat'>1</span> <span class='ocrx_word' id='word_1_5' title='bbox 1136 104 1193 141; x_wconf 84' lang='lat'>25.</span> <span class='ocrx_word' id='word_1_6' title='bbox 1623 109 1677 153; x_wconf 82' lang='lat'>87</span> 
     </span>
    </p>
   </div>
   <div class='ocr_carea' id='block_1_2' title="bbox 142 228 1684 835">
    <p class='ocr_par' dir='ltr' id='par_1_2' title="bbox 142 228 1684 835">
     <span class='ocr_line' id='line_1_2' title="bbox 172 228 1680 288; baseline 0.003 -16"><span class='ocrx_word' id='word_1_7' title='bbox 172 228 446 283; x_wconf 84' lang='lat' dir='ltr'>ambiguitate</span> <span class='ocrx_word' id='word_1_8' title='bbox 480 228 648 272; x_wconf 87' lang='lat' dir='ltr'>dilectio</span> <span class='ocrx_word' id='word_1_9' title='bbox 679 231 753 271; x_wconf 89' lang='lat' dir='ltr'>est.</span> <span class='ocrx_word' id='word_1_10' title='bbox 803 228 954 271; x_wconf 86' lang='lat' dir='ltr'>dicitur</span> <span class='ocrx_word' id='word_1_11' title='bbox 984 229 1097 271; x_wconf 88' lang='lat' dir='ltr'>enim</span> <span class='ocrx_word' id='word_1_12' title='bbox 1127 242 1303 284; x_wconf 89' lang='lat' dir='ltr'>uereque</span> <span class='ocrx_word' id='word_1_13' title='bbox 1341 230 1507 286; x_wconf 87' lang='lat' dir='ltr'>dicitur,</span> <span class='ocrx_word' id='word_1_14' title='bbox 1548 245 1680 288; x_wconf 91' lang='lat' dir='ltr'>quon-</span> 
     </span>
     <span class='ocr_line' id='line_1_3' title="bbox 171 297 1680 355; baseline 0.003 -16"><span class='ocrx_word' id='word_1_15' title='bbox 171 297 258 340; x_wconf 91' lang='lat' dir='ltr'>iam</span> <span class='ocrx_word' id='word_1_16' title='bbox 304 298 429 340; x_wconf 89' lang='lat' dir='ltr'>deus</span> <span class='ocrx_word' id='word_1_17' title='bbox 474 298 699 341; x_wconf 89' lang='lat' dir='ltr'>dilectio</span> <span class='ocrx_word' id='word_1_18' title='bbox 740 298 832 340; x_wconf 89' lang='lat' dir='ltr'>est.</span> <span class='ocrx_word' id='word_1_19' title='bbox 882 297 954 340; x_wconf 89' lang='lat' dir='ltr'>sed</span> <span class='ocrx_word' id='word_1_20' title='bbox 984 297 1151 340; x_wconf 85' lang='lat' dir='ltr'>dilectio</span> <span class='ocrx_word' id='word_1_21' title='bbox 1182 297 1257 341; x_wconf 89' lang='lat' dir='ltr'>illa</span> <span class='ocrx_word' id='word_1_22' title='bbox 1287 298 1385 342; x_wconf 90' lang='lat' dir='ltr'>talis</span> <span class='ocrx_word' id='word_1_23' title='bbox 1417 303 1492 355; x_wconf 87' lang='lat' dir='ltr'>est,</span> <span class='ocrx_word' id='word_1_24' title='bbox 1529 304 1577 344; x_wconf 91' lang='lat' dir='ltr'>ut</span> <span class='ocrx_word' id='word_1_25' title='bbox 1604 313 1680 344; x_wconf 90' lang='lat' dir='ltr'>nec</span> 
     </span>
     <span class='ocr_line' id='line_1_4' title="bbox 171 365 1679 422; baseline 0.003 -14"><span class='ocrx_word' id='word_1_26' title='bbox 171 367 265 421; x_wconf 89' lang='lat' dir='ltr'>ipsa</span> <span class='ocrx_word' id='word_1_27' title='bbox 295 366 470 422; x_wconf 88' lang='lat' dir='ltr'>diligere</span> <span class='ocrx_word' id='word_1_28' title='bbox 499 367 580 409; x_wconf 87' lang='lat' dir='ltr'>nisi</span> <span class='ocrx_word' id='word_1_29' title='bbox 619 365 775 408; x_wconf 91' lang='lat' dir='ltr'>bonum</span> <span class='ocrx_word' id='word_1_30' title='bbox 810 376 886 408; x_wconf 91' lang='lat' dir='ltr'>nec</span> <span class='ocrx_word' id='word_1_31' title='bbox 923 378 996 420; x_wconf 91' lang='lat' dir='ltr'>per</span> <span class='ocrx_word' id='word_1_32' title='bbox 1026 377 1117 408; x_wconf 88' lang='lat' dir='ltr'>eam</span> <span class='ocrx_word' id='word_1_33' title='bbox 1147 366 1265 421; x_wconf 83' lang='lat' dir='ltr'>diligi</span> <span class='ocrx_word' id='word_1_34' title='bbox 1293 367 1425 420; x_wconf 90' lang='lat' dir='ltr'>possit</span> <span class='ocrx_word' id='word_1_35' title='bbox 1453 369 1536 411; x_wconf 89' lang='lat' dir='ltr'>nisi</span> <span class='ocrx_word' id='word_1_36' title='bbox 1567 371 1679 414; x_wconf 86' lang='lat' dir='ltr'>bene.</span> 
     </span>
     <span class='ocr_line' id='line_1_5' title="bbox 172 434 1681 489; baseline 0.003 -12"><span class='ocrx_word' id='word_1_37' title='bbox 172 435 276 477; x_wconf 89' lang='lat' dir='ltr'>haec</span> <span class='ocrx_word' id='word_1_38' title='bbox 298 437 437 477; x_wconf 89' lang='lat' dir='ltr'>autem</span> <span class='ocrx_word' id='word_1_39' title='bbox 460 435 639 486; x_wconf 90' lang='lat' dir='ltr'>dilectio,</span> <span class='ocrx_word' id='word_1_40' title='bbox 662 435 770 488; x_wconf 88' lang='lat' dir='ltr'>quod</span> <span class='ocrx_word' id='word_1_41' title='bbox 793 435 856 476; x_wconf 90' lang='lat' dir='ltr'>est</span> <span class='ocrx_word' id='word_1_42' title='bbox 875 434 1016 477; x_wconf 90' lang='lat' dir='ltr'>anima</span> <span class='ocrx_word' id='word_1_43' title='bbox 1035 435 1230 484; x_wconf 88' lang='lat' dir='ltr'>humana,</span> <span class='ocrx_word' id='word_1_44' title='bbox 1252 438 1418 489; x_wconf 89' lang='lat' dir='ltr'>propter</span> <span class='ocrx_word' id='word_1_45' title='bbox 1439 437 1681 481; x_wconf 77' lang='lat' dir='ltr'><strong>adfectuum</strong></span> 
     </span>
     <span class='ocr_line' id='line_1_6' title="bbox 142 503 1678 561; baseline 0.004 -18"><span class='ocrx_word' id='word_1_46' title='bbox 142 503 506 547; x_wconf 68' lang='lat' dir='ltr'>smutabilitatem</span> <span class='ocrx_word' id='word_1_47' title='bbox 542 504 680 558; x_wconf 89' lang='lat' dir='ltr'>potest</span> <span class='ocrx_word' id='word_1_48' title='bbox 716 503 759 545; x_wconf 86' lang='lat' dir='ltr'>et</span> <span class='ocrx_word' id='word_1_49' title='bbox 787 503 832 545; x_wconf 90' lang='lat' dir='ltr'>in</span> <span class='ocrx_word' id='word_1_50' title='bbox 872 503 1095 556; x_wconf 84' lang='lat' dir='ltr'>superiora,</span> <span class='ocrx_word' id='word_1_51' title='bbox 1127 504 1235 557; x_wconf 91' lang='lat' dir='ltr'>quod</span> <span class='ocrx_word' id='word_1_52' title='bbox 1265 505 1304 546; x_wconf 91' lang='lat' dir='ltr'>ei</span> <span class='ocrx_word' id='word_1_53' title='bbox 1333 505 1443 547; x_wconf 88' lang='lat' dir='ltr'>solus</span> <span class='ocrx_word' id='word_1_54' title='bbox 1474 507 1572 548; x_wconf 91' lang='lat' dir='ltr'>deus</span> <span class='ocrx_word' id='word_1_55' title='bbox 1603 509 1678 561; x_wconf 90' lang='lat' dir='ltr'>est,</span> 
     </span>
     <span class='ocr_line' id='line_1_7' title="bbox 172 571 1682 626; baseline 0.001 -11"><span class='ocrx_word' id='word_1_56' title='bbox 172 572 341 615; x_wconf 90' lang='lat' dir='ltr'>caelesti</span> <span class='ocrx_word' id='word_1_57' title='bbox 373 573 545 615; x_wconf 90' lang='lat' dir='ltr'>caritate</span> <span class='ocrx_word' id='word_1_58' title='bbox 574 571 749 626; x_wconf 87' lang='lat' dir='ltr'>flagrare</span> <span class='ocrx_word' id='word_1_59' title='bbox 785 573 827 613; x_wconf 92' lang='lat' dir='ltr'>et</span> <span class='ocrx_word' id='word_1_60' title='bbox 864 571 908 613; x_wconf 91' lang='lat' dir='ltr'>in</span> <span class='ocrx_word' id='word_1_61' title='bbox 947 571 1143 614; x_wconf 89' lang='lat' dir='ltr'>inferiora</span> <span class='ocrx_word' id='word_1_62' title='bbox 1175 572 1402 615; x_wconf 87' lang='lat' dir='ltr'>damnabili</span> <span class='ocrx_word' id='word_1_63' title='bbox 1432 586 1570 616; x_wconf 89' lang='lat' dir='ltr'>amore</span> <span class='ocrx_word' id='word_1_64' title='bbox 1600 574 1682 616; x_wconf 88' lang='lat' dir='ltr'>dif-</span> 
     </span>
     <span class='ocr_line' id='line_1_8' title="bbox 171 639 1684 697; baseline 0.001 -14"><span class='ocrx_word' id='word_1_65' title='bbox 171 641 310 685; x_wconf 88' lang='lat' dir='ltr'>fluere.</span> <span class='ocrx_word' id='word_1_66' title='bbox 363 642 576 697; x_wconf 76' lang='lat' dir='ltr'>quodlibet</span> <span class='ocrx_word' id='word_1_67' title='bbox 615 643 758 683; x_wconf 89' lang='lat' dir='ltr'>tamen</span> <span class='ocrx_word' id='word_1_68' title='bbox 799 640 961 694; x_wconf 88' lang='lat' dir='ltr'>diligat,</span> <span class='ocrx_word' id='word_1_69' title='bbox 1008 639 1044 683; x_wconf 94' lang='lat' dir='ltr'>si</span> <span class='ocrx_word' id='word_1_70' title='bbox 1083 640 1172 683; x_wconf 88' lang='lat' dir='ltr'>toto</span> <span class='ocrx_word' id='word_1_71' title='bbox 1213 652 1352 684; x_wconf 89' lang='lat' dir='ltr'>amore</span> <span class='ocrx_word' id='word_1_72' title='bbox 1392 640 1547 696; x_wconf 81' lang='lat' dir='ltr'>diligit,</span> <span class='ocrx_word' id='word_1_73' title='bbox 1594 642 1684 684; x_wconf 89' lang='lat' dir='ltr'>tota</span> 
     </span>
     <span class='ocr_line' id='line_1_9' title="bbox 173 709 1681 766; baseline -0.001 -13"><span class='ocrx_word' id='word_1_74' title='bbox 173 710 316 764; x_wconf 89' lang='lat' dir='ltr'>diligit</span> <span class='ocrx_word' id='word_1_75' title='bbox 355 713 411 762; x_wconf 89' lang='lat' dir='ltr'>et,</span> <span class='ocrx_word' id='word_1_76' title='bbox 451 722 544 753; x_wconf 89' lang='lat' dir='ltr'>cum</span> <span class='ocrx_word' id='word_1_77' title='bbox 580 710 669 752; x_wconf 90' lang='lat' dir='ltr'>tota</span> <span class='ocrx_word' id='word_1_78' title='bbox 699 709 850 765; x_wconf 86' lang='lat' dir='ltr'>diligit,</span> <span class='ocrx_word' id='word_1_79' title='bbox 883 711 975 751; x_wconf 87' lang='lat' dir='ltr'>tota</span> <span class='ocrx_word' id='word_1_80' title='bbox 1003 709 1168 752; x_wconf 84' lang='lat' dir='ltr'>dilectio</span> <span class='ocrx_word' id='word_1_81' title='bbox 1199 711 1278 766; x_wconf 88' lang='lat' dir='ltr'>est,</span> <span class='ocrx_word' id='word_1_82' title='bbox 1315 721 1419 764; x_wconf 90' lang='lat' dir='ltr'>quae</span> <span class='ocrx_word' id='word_1_83' title='bbox 1458 710 1598 753; x_wconf 88' lang='lat' dir='ltr'>unitas</span> <span class='ocrx_word' id='word_1_84' title='bbox 1638 711 1681 752; x_wconf 93' lang='lat' dir='ltr'>in</span> 
     </span>
     <span class='ocr_line' id='line_1_10' title="bbox 173 779 750 835; baseline -0.005 -12"><span class='ocrx_word' id='word_1_85' title='bbox 173 792 342 835; x_wconf 86' lang='lat' dir='ltr'>corpore</span> <span class='ocrx_word' id='word_1_86' title='bbox 371 779 529 822; x_wconf 86' lang='lat' dir='ltr'>scilicet</span> <span class='ocrx_word' id='word_1_87' title='bbox 559 790 642 821; x_wconf 91' lang='lat' dir='ltr'>non</span> <span class='ocrx_word' id='word_1_88' title='bbox 673 779 750 821; x_wconf 86' lang='lat' dir='ltr'>est.</span> 
     </span>
    </p>
   </div>
   <div class='ocr_carea' id='block_1_3' title="bbox 126 969 1007 1026">
    <p class='ocr_par' dir='ltr' id='par_1_3' title="bbox 126 969 1007 1026">
     <span class='ocr_line' id='line_1_11' title="bbox 126 969 1007 1026; baseline -0.002 0"><span class='ocrx_word' id='word_1_89' title='bbox 126 1001 160 1026; x_wconf 74' lang='grc' dir='ltr'>ιο</span> <span class='ocrx_word' id='word_1_90' title='bbox 853 969 1007 1025; x_wconf 89' lang='lat' dir='ltr'>XXV.</span> 
     </span>
    </p>
   </div>
   <div class='ocr_carea' id='block_1_4' title="bbox 172 1096 1683 1275">
    <p class='ocr_par' dir='ltr' id='par_1_4' title="bbox 172 1096 1683 1275">
     <span class='ocr_line' id='line_1_12' title="bbox 173 1096 1682 1137; baseline 0.002 -10"><span class='ocrx_word' id='word_1_91' title='bbox 173 1097 430 1127; x_wconf 82' lang='lat' dir='ltr'><strong>EXEMPLVM</strong></span> <span class='ocrx_word' id='word_1_92' title='bbox 460 1098 521 1127; x_wconf 88' lang='lat' dir='ltr'>DE</span> <span class='ocrx_word' id='word_1_93' title='bbox 552 1096 846 1128; x_wconf 80' lang='lat' dir='ltr'><strong>GEOMETRICA</strong></span> <span class='ocrx_word' id='word_1_94' title='bbox 875 1097 1191 1128; x_wconf 83' lang='lat' dir='ltr'>ARITHMETICA</span> <span class='ocrx_word' id='word_1_95' title='bbox 1222 1098 1374 1137; x_wconf 77' lang='lat' dir='ltr'><strong>ATQVE</strong></span> <span class='ocrx_word' id='word_1_96' title='bbox 1405 1098 1682 1130; x_wconf 85' lang='lat' dir='ltr'>DIALECTICA</span> 
     </span>
     <span class='ocr_line' id='line_1_13' title="bbox 172 1165 1683 1209; baseline 0.001 -13"><span class='ocrx_word' id='word_1_97' title='bbox 172 1165 238 1196; x_wconf 82' lang='lat' dir='ltr'>AD</span> <span class='ocrx_word' id='word_1_98' title='bbox 269 1166 576 1197; x_wconf 86' lang='lat' dir='ltr'>ERVDIENDVM</span> <span class='ocrx_word' id='word_1_99' title='bbox 605 1165 851 1197; x_wconf 86' lang='lat' dir='ltr'>LECTOREM</span> <span class='ocrx_word' id='word_1_100' title='bbox 881 1166 931 1197; x_wconf 87' lang='lat' dir='ltr'>IN</span> <span class='ocrx_word' id='word_1_101' title='bbox 960 1167 1020 1196; x_wconf 82' lang='lat' dir='ltr'>EA</span> <span class='ocrx_word' id='word_1_102' title='bbox 1049 1165 1169 1204; x_wconf 78' lang='lat' dir='ltr'><strong>QVAE</strong></span> <span class='ocrx_word' id='word_1_103' title='bbox 1192 1165 1398 1197; x_wconf 88' lang='lat' dir='ltr'>OBSCVRA</span> <span class='ocrx_word' id='word_1_104' title='bbox 1420 1165 1547 1209; x_wconf 84' lang='lat' dir='ltr'>SVNT,</span> <span class='ocrx_word' id='word_1_105' title='bbox 1571 1167 1683 1206; x_wconf 81' lang='lat' dir='ltr'>QVID</span> 
     </span>
     <span class='ocr_line' id='line_1_14' title="bbox 399 1234 1456 1275; baseline 0.001 -11"><span class='ocrx_word' id='word_1_106' title='bbox 399 1235 571 1264; x_wconf 84' lang='lat' dir='ltr'>VIDEAT</span> <span class='ocrx_word' id='word_1_107' title='bbox 601 1234 749 1265; x_wconf 80' lang='lat' dir='ltr'>ANIMA</span> <span class='ocrx_word' id='word_1_108' title='bbox 786 1235 874 1265; x_wconf 86' lang='lat' dir='ltr'>PER</span> <span class='ocrx_word' id='word_1_109' title='bbox 905 1234 968 1275; x_wconf 81' lang='lat' dir='ltr'>SE,</span> <span class='ocrx_word' id='word_1_110' title='bbox 1009 1234 1121 1274; x_wconf 83' lang='lat' dir='ltr'>QVID</span> <span class='ocrx_word' id='word_1_111' title='bbox 1151 1235 1239 1265; x_wconf 86' lang='lat' dir='ltr'>PER</span> <span class='ocrx_word' id='word_1_112' title='bbox 1271 1234 1456 1266; x_wconf 86' lang='lat' dir='ltr'>CORPVS.</span> 
     </span>
    </p>
   </div>
   <div class='ocr_carea' id='block_1_5' title="bbox 128 1326 1685 1793">
    <p class='ocr_par' dir='ltr' id='par_1_5' title="bbox 233 1326 1682 1381">
     <span class='ocr_line' id='line_1_15' title="bbox 233 1326 1682 1381; baseline 0 -13"><span class='ocrx_word' id='word_1_113' title='bbox 233 1326 314 1369; x_wconf 88' lang='lat' dir='ltr'>Sed</span> <span class='ocrx_word' id='word_1_114' title='bbox 345 1326 468 1369; x_wconf 89' lang='lat' dir='ltr'>dicis:</span> <span class='ocrx_word' id='word_1_115' title='bbox 516 1326 713 1380; x_wconf 87' lang='lat' dir='ltr'>quando</span> <span class='ocrx_word' id='word_1_116' title='bbox 746 1327 1015 1370; x_wconf 74' lang='lat' dir='ltr'><strong>absentem</strong></span> <span class='ocrx_word' id='word_1_117' title='bbox 1061 1339 1234 1369; x_wconf 88' lang='lat' dir='ltr'>carum</span> <span class='ocrx_word' id='word_1_118' title='bbox 1265 1339 1414 1369; x_wconf 91' lang='lat' dir='ltr'>suum</span> <span class='ocrx_word' id='word_1_119' title='bbox 1459 1326 1682 1381; x_wconf 76' lang='lat' dir='ltr'>cogitat,</span> 
     </span>
    </p>

    <p class='ocr_par' dir='ltr' id='par_1_6' title="bbox 128 1395 1685 1793">
     <span class='ocr_line' id='line_1_16' title="bbox 128 1395 1685 1450; baseline -0.003 -9"><span class='ocrx_word' id='word_1_120' title='bbox 128 1416 160 1441; x_wconf 85' lang='lat'>15</span> <span class='ocrx_word' id='word_1_121' title='bbox 175 1397 428 1449; x_wconf 91' lang='lat' dir='ltr'>numquid</span> <span class='ocrx_word' id='word_1_122' title='bbox 450 1397 599 1438; x_wconf 90' lang='lat' dir='ltr'>uelut</span> <span class='ocrx_word' id='word_1_123' title='bbox 620 1396 669 1450; x_wconf 93' lang='lat' dir='ltr'>ip</span> <span class='ocrx_word' id='word_1_124' title='bbox 683 1408 734 1438; x_wconf 90' lang='lat' dir='ltr'>so</span> <span class='ocrx_word' id='word_1_125' title='bbox 755 1397 1041 1450; x_wconf 89' lang='lat' dir='ltr'>conspecto</span> <span class='ocrx_word' id='word_1_126' title='bbox 1062 1395 1349 1438; x_wconf 84' lang='lat' dir='ltr'>desideriis</span> <span class='ocrx_word' id='word_1_127' title='bbox 1371 1395 1685 1438; x_wconf 75' lang='lat' dir='ltr'>satisfecit?</span> 
     </span>
     <span class='ocr_line' id='line_1_17' title="bbox 175 1463 1682 1518; baseline -0.001 -13"><span class='ocrx_word' id='word_1_128' title='bbox 175 1463 274 1518; x_wconf 88' lang='lat' dir='ltr'>ista,</span> <span class='ocrx_word' id='word_1_129' title='bbox 306 1468 354 1506; x_wconf 91' lang='lat' dir='ltr'>ut</span> <span class='ocrx_word' id='word_1_130' title='bbox 384 1476 459 1518; x_wconf 88' lang='lat' dir='ltr'>ego</span> <span class='ocrx_word' id='word_1_131' title='bbox 490 1464 649 1507; x_wconf 90' lang='lat' dir='ltr'>conicio</span> <span class='ocrx_word' id='word_1_132' title='bbox 680 1464 804 1518; x_wconf 89' lang='lat' dir='ltr'>atque</span> <span class='ocrx_word' id='word_1_133' title='bbox 834 1466 882 1506; x_wconf 90' lang='lat' dir='ltr'>ut</span> <span class='ocrx_word' id='word_1_134' title='bbox 911 1464 1034 1518; x_wconf 88' lang='lat' dir='ltr'>plane</span> <span class='ocrx_word' id='word_1_135' title='bbox 1058 1464 1199 1518; x_wconf 88' lang='lat' dir='ltr'>probo,</span> <span class='ocrx_word' id='word_1_136' title='bbox 1220 1463 1441 1517; x_wconf 88' lang='lat' dir='ltr'>potissima</span> <span class='ocrx_word' id='word_1_137' title='bbox 1461 1464 1682 1506; x_wconf 87' lang='lat' dir='ltr'>admodum</span> 
     </span>
     <span class='ocr_line' id='line_1_18' title="bbox 176 1532 1681 1587; baseline -0.001 -12"><span class='ocrx_word' id='word_1_138' title='bbox 176 1544 302 1575; x_wconf 87' lang='lat' dir='ltr'>causa</span> <span class='ocrx_word' id='word_1_139' title='bbox 333 1533 408 1585; x_wconf 88' lang='lat' dir='ltr'>est,</span> <span class='ocrx_word' id='word_1_140' title='bbox 442 1544 545 1587; x_wconf 91' lang='lat' dir='ltr'>quae</span> <span class='ocrx_word' id='word_1_141' title='bbox 576 1534 708 1575; x_wconf 90' lang='lat' dir='ltr'>temet</span> <span class='ocrx_word' id='word_1_142' title='bbox 737 1534 931 1587; x_wconf 88' lang='lat' dir='ltr'>ignarum</span> <span class='ocrx_word' id='word_1_143' title='bbox 956 1533 1139 1587; x_wconf 86' lang='lat' dir='ltr'>perpulit</span> <span class='ocrx_word' id='word_1_144' title='bbox 1160 1532 1344 1575; x_wconf 89' lang='lat' dir='ltr'>animam</span> <span class='ocrx_word' id='word_1_145' title='bbox 1365 1533 1513 1574; x_wconf 89' lang='lat' dir='ltr'>referre</span> <span class='ocrx_word' id='word_1_146' title='bbox 1539 1543 1681 1585; x_wconf 87' lang='lat' dir='ltr'>corpo-</span> 
     </span>
     <span class='ocr_line' id='line_1_19' title="bbox 175 1600 1684 1656; baseline -0.001 -13"><span class='ocrx_word' id='word_1_147' title='bbox 175 1614 301 1643; x_wconf 86' lang='lat' dir='ltr'>ream.</span> <span class='ocrx_word' id='word_1_148' title='bbox 352 1614 376 1644; x_wconf 92' lang='lat' dir='ltr'>a</span> <span class='ocrx_word' id='word_1_149' title='bbox 413 1603 600 1644; x_wconf 85' lang='lat' dir='ltr'>sensibus</span> <span class='ocrx_word' id='word_1_150' title='bbox 645 1613 794 1656; x_wconf 86' lang='lat' dir='ltr'>quaeso</span> <span class='ocrx_word' id='word_1_151' title='bbox 836 1601 1014 1655; x_wconf 90' lang='lat' dir='ltr'>corporis</span> <span class='ocrx_word' id='word_1_152' title='bbox 1060 1601 1273 1655; x_wconf 88' lang='lat' dir='ltr'>paulisper</span> <span class='ocrx_word' id='word_1_153' title='bbox 1320 1601 1520 1643; x_wconf 89' lang='lat' dir='ltr'>adtollere</span> <span class='ocrx_word' id='word_1_154' title='bbox 1559 1611 1607 1642; x_wconf 88' lang='lat' dir='ltr'>ac</span> <span class='ocrx_word' id='word_1_155' title='bbox 1650 1600 1684 1642; x_wconf 90' lang='lat' dir='ltr'>si</span> 
     </span>
     <span class='ocr_line' id='line_1_20' title="bbox 178 1668 1681 1724; baseline -0.002 -12"><span class='ocrx_word' id='word_1_156' title='bbox 178 1670 294 1712; x_wconf 89' lang='lat' dir='ltr'>uales</span> <span class='ocrx_word' id='word_1_157' title='bbox 331 1670 533 1724; x_wconf 81' lang='lat' dir='ltr'>perspice,</span> <span class='ocrx_word' id='word_1_158' title='bbox 571 1682 677 1724; x_wconf 90' lang='lat' dir='ltr'>quae</span> <span class='ocrx_word' id='word_1_159' title='bbox 716 1671 785 1712; x_wconf 92' lang='lat' dir='ltr'>uel</span> <span class='ocrx_word' id='word_1_160' title='bbox 824 1672 979 1724; x_wconf 90' lang='lat' dir='ltr'>quanta</span> <span class='ocrx_word' id='word_1_161' title='bbox 1007 1670 1073 1712; x_wconf 92' lang='lat' dir='ltr'>uis</span> <span class='ocrx_word' id='word_1_162' title='bbox 1105 1669 1274 1712; x_wconf 88' lang='lat' dir='ltr'>uidendi</span> <span class='ocrx_word' id='word_1_163' title='bbox 1304 1670 1360 1711; x_wconf 90' lang='lat' dir='ltr'>sit</span> <span class='ocrx_word' id='word_1_164' title='bbox 1391 1669 1541 1720; x_wconf 89' lang='lat' dir='ltr'>animo,</span> <span class='ocrx_word' id='word_1_165' title='bbox 1573 1669 1615 1710; x_wconf 89' lang='lat' dir='ltr'>et</span> <span class='ocrx_word' id='word_1_166' title='bbox 1646 1668 1681 1709; x_wconf 89' lang='lat' dir='ltr'>si</span> 
     </span>
     <span class='ocr_line' id='line_1_21' title="bbox 129 1737 1682 1793; baseline -0.005 -9"><span class='ocrx_word' id='word_1_167' title='bbox 129 1758 164 1784; x_wconf 80' lang='lat'>20</span> <span class='ocrx_word' id='word_1_168' title='bbox 177 1738 276 1793; x_wconf 90' lang='lat' dir='ltr'>quid</span> <span class='ocrx_word' id='word_1_169' title='bbox 322 1740 439 1792; x_wconf 87' lang='lat' dir='ltr'>potes</span> <span class='ocrx_word' id='word_1_170' title='bbox 481 1738 612 1781; x_wconf 91' lang='lat' dir='ltr'>animi</span> <span class='ocrx_word' id='word_1_171' title='bbox 649 1738 790 1781; x_wconf 92' lang='lat' dir='ltr'>uisum</span> <span class='ocrx_word' id='word_1_172' title='bbox 828 1740 1088 1792; x_wconf 89' lang='lat' dir='ltr'>corporisque</span> <span class='ocrx_word' id='word_1_173' title='bbox 1127 1738 1326 1781; x_wconf 87' lang='lat' dir='ltr'>discerne.</span> <span class='ocrx_word' id='word_1_174' title='bbox 1377 1748 1525 1791; x_wconf 89' lang='lat' dir='ltr'>corpus</span> <span class='ocrx_word' id='word_1_175' title='bbox 1573 1737 1682 1779; x_wconf 87' lang='lat' dir='ltr'>certe</span> 
     </span>
    </p>
   </div>
   <div class='ocr_carea' id='block_1_6' title="bbox 314 1861 1145 1907">
    <p class='ocr_par' dir='ltr' id='par_1_7' title="bbox 314 1861 1145 1907">
     <span class='ocr_line' id='line_1_22' title="bbox 314 1861 1145 1907; baseline 0 -11"><span class='ocrx_word' id='word_1_176' title='bbox 314 1862 335 1896; x_wconf 85' lang='lat'><strong>2</strong></span> <span class='ocrx_word' id='word_1_177' title='bbox 359 1862 378 1897; x_wconf 92' lang='lat'>1</span> <span class='ocrx_word' id='word_1_178' title='bbox 403 1862 525 1897; x_wconf 89' lang='lat' dir='ltr'>Ioann.</span> <span class='ocrx_word' id='word_1_179' title='bbox 550 1862 584 1904; x_wconf 84' lang='lat'>4,</span> <span class='ocrx_word' id='word_1_180' title='bbox 610 1862 632 1896; x_wconf 88' lang='lat'>8</span> <span class='ocrx_word' id='word_1_181' title='bbox 772 1862 816 1896; x_wconf 83' lang='lat'>14</span> <span class='ocrx_word' id='word_1_182' title='bbox 841 1861 885 1896; x_wconf 88' lang='lat' dir='ltr'>cf.</span> <span class='ocrx_word' id='word_1_183' title='bbox 910 1872 990 1907; x_wconf 85' lang='lat' dir='ltr'>pag.</span> <span class='ocrx_word' id='word_1_184' title='bbox 1019 1862 1073 1905; x_wconf 89' lang='lat'>11,</span> <span class='ocrx_word' id='word_1_185' title='bbox 1101 1862 1145 1897; x_wconf 80' lang='lat'>12</span> 
     </span>
    </p>
   </div>
   <div class='ocr_carea' id='block_1_7' title="bbox 247 1975 1595 2043">
    <p class='ocr_par' dir='ltr' id='par_1_8' title="bbox 247 1975 1595 2043">
     <span class='ocr_line' id='line_1_23' title="bbox 247 1975 1595 2043; baseline 0 -22"><span class='ocrx_word' id='word_1_186' title='bbox 247 1987 269 2022; x_wconf 88' lang='lat'><strong>3</strong></span> <span class='ocrx_word' id='word_1_187' title='bbox 294 1987 368 2031; x_wconf 90' lang='lat' dir='ltr'>ipse</span> <span class='ocrx_word' id='word_1_188' title='bbox 387 1988 432 2031; x_wconf 76' lang='lat'>1²²</span> <span class='ocrx_word' id='word_1_189' title='bbox 548 1988 670 2031; x_wconf 88' lang='lat' dir='ltr'>posset</span> <span class='ocrx_word' id='word_1_190' title='bbox 686 1986 861 2028; x_wconf 64' lang='lat' dir='ltr'>AGHOE,</span> <span class='ocrx_word' id='word_1_191' title='bbox 899 1996 1000 2031; x_wconf 88' lang='lat' dir='ltr'>posse</span> <span class='ocrx_word' id='word_1_192' title='bbox 1024 1985 1099 2020; x_wconf 88' lang='lat' dir='ltr'>Mb</span> <span class='ocrx_word' id='word_1_193' title='bbox 1214 1986 1237 2020; x_wconf 89' lang='lat'>4</span> <span class='ocrx_word' id='word_1_194' title='bbox 1260 1975 1329 2043; x_wconf 56' lang='lat' dir='ltr'>ppt</span> <span class='ocrx_word' id='word_1_195' title='bbox 1354 1986 1404 2029; x_wconf 87' lang='lat' dir='ltr'>H,</span> <span class='ocrx_word' id='word_1_196' title='bbox 1440 1997 1504 2031; x_wconf 89' lang='lat' dir='ltr'>pro</span> <span class='ocrx_word' id='word_1_197' title='bbox 1529 1985 1595 2021; x_wconf 74' lang='lat' dir='ltr'>LS</span> 
     </span>
    </p>
   </div>
   <div class='ocr_carea' id='block_1_8' title="bbox 177 2066 1685 2250">
    <p class='ocr_par' dir='ltr' id='par_1_9' title="bbox 177 2066 1685 2250">
     <span class='ocr_line' id='line_1_24' title="bbox 178 2066 1594 2102; baseline 0.001 -2"><span class='ocrx_word' id='word_1_198' title='bbox 178 2066 345 2101; x_wconf 87' lang='lat' dir='ltr'>affectum</span> <span class='ocrx_word' id='word_1_199' title='bbox 382 2066 465 2101; x_wconf 88' lang='grc' dir='ltr'>ΒΜ</span> <span class='ocrx_word' id='word_1_200' title='bbox 602 2067 625 2102; x_wconf 84' lang='grc'>5</span> <span class='ocrx_word' id='word_1_201' title='bbox 661 2066 909 2102; x_wconf 89' lang='lat' dir='ltr'>mutabilitate</span> <span class='ocrx_word' id='word_1_202' title='bbox 945 2066 1159 2102; x_wconf 84' lang='lat' dir='ltr'><strong><em>BC&#39;HLRS</em></strong></span> <span class='ocrx_word' id='word_1_203' title='bbox 1299 2067 1320 2101; x_wconf 90' lang='lat'>6</span> <span class='ocrx_word' id='word_1_204' title='bbox 1357 2066 1522 2101; x_wconf 85' lang='lat' dir='ltr'>claritate</span> <span class='ocrx_word' id='word_1_205' title='bbox 1557 2066 1594 2102; x_wconf 84' lang='lat' dir='ltr'><em>R</em></span> 
     </span>
     <span class='ocr_line' id='line_1_25' title="bbox 177 2123 1594 2191; baseline 0 -11"><span class='ocrx_word' id='word_1_206' title='bbox 177 2147 216 2180; x_wconf 92' lang='lat' dir='ltr'>in</span> <span class='ocrx_word' id='word_1_207' title='bbox 251 2157 318 2182; x_wconf 85' lang='lat' dir='ltr'>om.</span> <span class='ocrx_word' id='word_1_208' title='bbox 357 2147 394 2183; x_wconf 85' lang='lat' dir='ltr'><em>R</em></span> <span class='ocrx_word' id='word_1_209' title='bbox 533 2147 753 2182; x_wconf 87' lang='lat' dir='ltr'>damnabilia</span> <span class='ocrx_word' id='word_1_210' title='bbox 791 2147 967 2183; x_wconf 77' lang='lat' dir='ltr'>Galland.</span> <span class='ocrx_word' id='word_1_211' title='bbox 1107 2123 1259 2182; x_wconf 55' lang='lat' dir='ltr'>deffluere</span> <span class='ocrx_word' id='word_1_212' title='bbox 1296 2146 1342 2191; x_wconf 79' lang='lat' dir='ltr'>S,</span> <span class='ocrx_word' id='word_1_213' title='bbox 1385 2147 1537 2181; x_wconf 88' lang='lat' dir='ltr'>defluere</span> <span class='ocrx_word' id='word_1_214' title='bbox 1568 2156 1594 2190; x_wconf 83' lang='lat' dir='ltr'>p</span> 
     </span>
     <span class='ocr_line' id='line_1_26' title="bbox 179 2202 1685 2250; baseline -0.001 -11"><span class='ocrx_word' id='word_1_215' title='bbox 179 2205 202 2239; x_wconf 91' lang='grc'>8</span> <span class='ocrx_word' id='word_1_216' title='bbox 225 2205 304 2239; x_wconf 81' lang='lat' dir='ltr'>tota</span> <span class='ocrx_word' id='word_1_217' title='bbox 328 2204 452 2250; x_wconf 84' lang='lat' dir='ltr'>diligit</span> <span class='ocrx_word' id='word_1_218' title='bbox 477 2215 544 2240; x_wconf 89' lang='lat' dir='ltr'>om.</span> <span class='ocrx_word' id='word_1_219' title='bbox 564 2216 593 2249; x_wconf 78' lang='lat' dir='ltr'>p</span> <span class='ocrx_word' id='word_1_220' title='bbox 735 2207 774 2240; x_wconf 94' lang='grc'>11</span> <span class='ocrx_word' id='word_1_221' title='bbox 801 2205 859 2240; x_wconf 90' lang='lat' dir='ltr'>hic</span> <span class='ocrx_word' id='word_1_222' title='bbox 876 2205 1068 2250; x_wconf 88' lang='lat' dir='ltr'>diligenter</span> <span class='ocrx_word' id='word_1_223' title='bbox 1085 2205 1260 2240; x_wconf 87' lang='lat' dir='ltr'>uisionem</span> <span class='ocrx_word' id='word_1_224' title='bbox 1278 2205 1389 2240; x_wconf 90' lang='lat' dir='ltr'>animi</span> <span class='ocrx_word' id='word_1_225' title='bbox 1406 2204 1516 2239; x_wconf 90' lang='lat' dir='ltr'>lector</span> <span class='ocrx_word' id='word_1_226' title='bbox 1532 2202 1685 2238; x_wconf 86' lang='lat' dir='ltr'>adtende</span> 
     </span>
    </p>
   </div>
   <div class='ocr_carea' id='block_1_9' title="bbox 174 2260 1689 2764">
    <p class='ocr_par' dir='ltr' id='par_1_10' title="bbox 174 2260 1689 2647">
     <span class='ocr_line' id='line_1_27' title="bbox 178 2260 1689 2307; baseline -0.001 -11"><span class='ocrx_word' id='word_1_227' title='bbox 178 2262 228 2296; x_wconf 89' lang='lat' dir='ltr'><em>M</em></span> <span class='ocrx_word' id='word_1_228' title='bbox 244 2272 317 2307; x_wconf 76' lang='lat' dir='ltr'>pro</span> <span class='ocrx_word' id='word_1_229' title='bbox 340 2263 449 2298; x_wconf 81' lang='lat' dir='ltr'>titulo</span> <span class='ocrx_word' id='word_1_230' title='bbox 475 2266 508 2297; x_wconf 82' lang='lat' dir='ltr'>et</span> <span class='ocrx_word' id='word_1_231' title='bbox 531 2263 589 2298; x_wconf 83' lang='lat' dir='ltr'>hic</span> <span class='ocrx_word' id='word_1_232' title='bbox 613 2266 647 2298; x_wconf 79' lang='lat' dir='ltr'>et</span> <span class='ocrx_word' id='word_1_233' title='bbox 671 2263 712 2297; x_wconf 74' lang='lat' dir='ltr'>in</span> <span class='ocrx_word' id='word_1_234' title='bbox 736 2263 888 2307; x_wconf 79' lang='lat' dir='ltr'>capitul.</span> <span class='ocrx_word' id='word_1_235' title='bbox 913 2263 1036 2297; x_wconf 73' lang='lat' dir='ltr'>indice</span> <span class='ocrx_word' id='word_1_236' title='bbox 1059 2262 1175 2305; x_wconf 82' lang='lat' dir='ltr'>habet,</span> <span class='ocrx_word' id='word_1_237' title='bbox 1201 2273 1244 2297; x_wconf 87' lang='lat' dir='ltr'>ea</span> <span class='ocrx_word' id='word_1_238' title='bbox 1260 2273 1354 2306; x_wconf 74' lang='lat' dir='ltr'>quae</span> <span class='ocrx_word' id='word_1_239' title='bbox 1379 2261 1616 2296; x_wconf 79' lang='lat' dir='ltr'>exarauimus</span> <span class='ocrx_word' id='word_1_240' title='bbox 1639 2260 1689 2294; x_wconf 89' lang='lat' dir='ltr'><strong><em>M</em></strong></span> 
     </span>
     <span class='ocr_line' id='line_1_28' title="bbox 174 2317 1684 2365; baseline -0.002 -12"><span class='ocrx_word' id='word_1_241' title='bbox 174 2319 327 2363; x_wconf 74' lang='lat' dir='ltr'>praebet</span> <span class='ocrx_word' id='word_1_242' title='bbox 342 2320 383 2354; x_wconf 72' lang='lat' dir='ltr'>in</span> <span class='ocrx_word' id='word_1_243' title='bbox 399 2331 531 2365; x_wconf 60' lang='lat' dir='ltr'>mary„</span> <span class='ocrx_word' id='word_1_244' title='bbox 574 2319 772 2364; x_wconf 85' lang='lat' dir='ltr'>exemplum</span> <span class='ocrx_word' id='word_1_245' title='bbox 792 2319 834 2353; x_wconf 91' lang='lat' dir='ltr'>de</span> <span class='ocrx_word' id='word_1_246' title='bbox 851 2319 1065 2364; x_wconf 87' lang='lat' dir='ltr'>geometrica</span> <span class='ocrx_word' id='word_1_247' title='bbox 1087 2329 1156 2363; x_wconf 91' lang='lat' dir='ltr'>quo</span> <span class='ocrx_word' id='word_1_248' title='bbox 1181 2318 1321 2354; x_wconf 86' lang='lat' dir='ltr'>facilius</span> <span class='ocrx_word' id='word_1_249' title='bbox 1346 2318 1457 2353; x_wconf 88' lang='lat' dir='ltr'>lector</span> <span class='ocrx_word' id='word_1_250' title='bbox 1481 2317 1684 2362; x_wconf 85' lang='lat' dir='ltr'>intellegat,</span> 
     </span>
     <span class='ocr_line' id='line_1_29' title="bbox 180 2373 1683 2421; baseline -0.002 -11"><span class='ocrx_word' id='word_1_251' title='bbox 180 2376 266 2420; x_wconf 91' lang='lat' dir='ltr'>quid</span> <span class='ocrx_word' id='word_1_252' title='bbox 291 2376 413 2411; x_wconf 85' lang='lat' dir='ltr'>uideat</span> <span class='ocrx_word' id='word_1_253' title='bbox 438 2377 558 2411; x_wconf 89' lang='lat' dir='ltr'>anima</span> <span class='ocrx_word' id='word_1_254' title='bbox 583 2387 644 2421; x_wconf 89' lang='lat' dir='ltr'>pro</span> <span class='ocrx_word' id='word_1_255' title='bbox 670 2387 716 2419; x_wconf 88' lang='lat' dir='ltr'>se,</span> <span class='ocrx_word' id='word_1_256' title='bbox 742 2376 828 2421; x_wconf 90' lang='lat' dir='ltr'>quid</span> <span class='ocrx_word' id='word_1_257' title='bbox 852 2387 913 2421; x_wconf 90' lang='lat' dir='ltr'>pro</span> <span class='ocrx_word' id='word_1_258' title='bbox 938 2387 1064 2420; x_wconf 87' lang='lat' dir='ltr'>corpus</span> <span class='ocrx_word' id='word_1_259' title='bbox 1089 2376 1199 2411; x_wconf 85' lang='lat' dir='ltr'>ABR</span> <span class='ocrx_word' id='word_1_260' title='bbox 1332 2375 1372 2409; x_wconf 87' lang='lat'>15</span> <span class='ocrx_word' id='word_1_261' title='bbox 1397 2373 1584 2418; x_wconf 90' lang='lat' dir='ltr'>numquid]</span> <span class='ocrx_word' id='word_1_262' title='bbox 1611 2374 1683 2408; x_wconf 85' lang='lat' dir='ltr'>iam</span> 
     </span>
     <span class='ocr_line' id='line_1_30' title="bbox 179 2431 1593 2469; baseline -0.001 -2"><span class='ocrx_word' id='word_1_263' title='bbox 179 2433 265 2468; x_wconf 83' lang='lat' dir='ltr'>add.</span> <span class='ocrx_word' id='word_1_264' title='bbox 301 2433 469 2469; x_wconf 80' lang='lat' dir='ltr'>Faustus</span> <span class='ocrx_word' id='word_1_265' title='bbox 630 2433 802 2468; x_wconf 87' lang='lat' dir='ltr'>desiderio</span> <span class='ocrx_word' id='word_1_266' title='bbox 839 2434 1008 2468; x_wconf 74' lang='lat' dir='ltr'>Faustus</span> <span class='ocrx_word' id='word_1_267' title='bbox 1180 2433 1222 2467; x_wconf 88' lang='grc'>16</span> <span class='ocrx_word' id='word_1_268' title='bbox 1259 2432 1396 2466; x_wconf 88' lang='lat' dir='ltr'>coniceo</span> <span class='ocrx_word' id='word_1_269' title='bbox 1433 2431 1593 2466; x_wconf 83' lang='lat' dir='ltr'><strong><em>HLMR</em></strong></span> 
     </span>
     <span class='ocr_line' id='line_1_31' title="bbox 178 2487 1684 2534; baseline -0.001 -10"><span class='ocrx_word' id='word_1_270' title='bbox 178 2492 312 2534; x_wconf 88' lang='lat' dir='ltr'>autque</span> <span class='ocrx_word' id='word_1_271' title='bbox 342 2491 379 2526; x_wconf 83' lang='lat' dir='ltr'><em>R</em></span> <span class='ocrx_word' id='word_1_272' title='bbox 519 2491 561 2526; x_wconf 80' lang='lat'>17</span> <span class='ocrx_word' id='word_1_273' title='bbox 593 2491 699 2525; x_wconf 84' lang='lat' dir='ltr'>timet</span> <span class='ocrx_word' id='word_1_274' title='bbox 731 2491 881 2534; x_wconf 85' lang='lat' dir='ltr'>BH¹R,</span> <span class='ocrx_word' id='word_1_275' title='bbox 923 2493 959 2525; x_wconf 85' lang='lat' dir='ltr'>te</span> <span class='ocrx_word' id='word_1_276' title='bbox 983 2491 1111 2525; x_wconf 91' lang='lat' dir='ltr'>tuimet</span> <span class='ocrx_word' id='word_1_277' title='bbox 1136 2489 1256 2524; x_wconf 80' lang='lat' dir='ltr'>DEF</span> <span class='ocrx_word' id='word_1_278' title='bbox 1268 2489 1345 2523; x_wconf 78' lang='lat' dir='ltr'>Sch.</span> <span class='ocrx_word' id='word_1_279' title='bbox 1484 2487 1621 2533; x_wconf 85' lang='lat' dir='ltr'>pepulit</span> <span class='ocrx_word' id='word_1_280' title='bbox 1644 2487 1684 2522; x_wconf 85' lang='lat' dir='ltr'><em>D</em></span> 
     </span>
     <span class='ocr_line' id='line_1_32' title="bbox 180 2545 1684 2593; baseline -0.002 -12"><span class='ocrx_word' id='word_1_281' title='bbox 180 2547 259 2582; x_wconf 89' lang='lat' dir='ltr'>EF</span> <span class='ocrx_word' id='word_1_282' title='bbox 392 2549 560 2593; x_wconf 84' lang='lat' dir='ltr'>perpulit]</span> <span class='ocrx_word' id='word_1_283' title='bbox 586 2550 626 2583; x_wconf 88' lang='lat' dir='ltr'>ut</span> <span class='ocrx_word' id='word_1_284' title='bbox 658 2547 745 2583; x_wconf 77' lang='lat' dir='ltr'>add.</span> <span class='ocrx_word' id='word_1_285' title='bbox 777 2548 935 2583; x_wconf 72' lang='lat' dir='ltr'><strong><em>DEFG</em></strong></span> <span class='ocrx_word' id='word_1_286' title='bbox 1073 2547 1202 2582; x_wconf 85' lang='lat' dir='ltr'>referre</span> <span class='ocrx_word' id='word_1_287' title='bbox 1234 2546 1324 2587; x_wconf 90' lang='lat' dir='ltr'>Mb,</span> <span class='ocrx_word' id='word_1_288' title='bbox 1364 2545 1456 2579; x_wconf 88' lang='lat' dir='ltr'>reari</span> <span class='ocrx_word' id='word_1_289' title='bbox 1487 2545 1548 2587; x_wconf 85' lang='lat' dir='ltr'>L³‚</span> <span class='ocrx_word' id='word_1_290' title='bbox 1589 2554 1684 2579; x_wconf 83' lang='lat' dir='ltr'>reare</span> 
     </span>
     <span class='ocr_line' id='line_1_33' title="bbox 179 2602 1593 2647; baseline -0.002 -8"><span class='ocrx_word' id='word_1_291' title='bbox 179 2605 276 2646; x_wconf 66' lang='lat' dir='ltr'>rell„</span> <span class='ocrx_word' id='word_1_292' title='bbox 324 2606 393 2639; x_wconf 86' lang='lat' dir='ltr'>reri</span> <span class='ocrx_word' id='word_1_293' title='bbox 430 2616 504 2640; x_wconf 85' lang='lat' dir='ltr'>esse</span> <span class='ocrx_word' id='word_1_294' title='bbox 541 2605 624 2640; x_wconf 67' lang='grc' dir='ltr'>δεῇ.</span> <span class='ocrx_word' id='word_1_295' title='bbox 787 2606 935 2640; x_wconf 88' lang='lat' dir='ltr'>localem</span> <span class='ocrx_word' id='word_1_296' title='bbox 972 2605 1029 2640; x_wconf 90' lang='lat' dir='ltr'>uel</span> <span class='ocrx_word' id='word_1_297' title='bbox 1068 2608 1153 2639; x_wconf 75' lang='lat' dir='ltr'>aute</span> <span class='ocrx_word' id='word_1_298' title='bbox 1189 2613 1392 2647; x_wconf 87' lang='lat' dir='ltr'>corpoream</span> <span class='ocrx_word' id='word_1_299' title='bbox 1429 2602 1515 2637; x_wconf 81' lang='lat' dir='ltr'>add.</span> <span class='ocrx_word' id='word_1_300' title='bbox 1547 2603 1593 2646; x_wconf 72' lang='lat'>12²</span> 
     </span>
    </p>

    <p class='ocr_par' dir='ltr' id='par_1_11' title="bbox 180 2657 1684 2764">
     <span class='ocr_line' id='line_1_34' title="bbox 182 2657 1684 2706; baseline -0.003 -10"><span class='ocrx_word' id='word_1_301' title='bbox 182 2662 226 2696; x_wconf 85' lang='lat'>18</span> <span class='ocrx_word' id='word_1_302' title='bbox 250 2662 423 2706; x_wconf 88' lang='lat' dir='ltr'>corporeis</span> <span class='ocrx_word' id='word_1_303' title='bbox 447 2663 466 2697; x_wconf 89' lang='lat' dir='ltr'>b</span> <span class='ocrx_word' id='word_1_304' title='bbox 607 2662 648 2697; x_wconf 90' lang='lat'>19</span> <span class='ocrx_word' id='word_1_305' title='bbox 675 2662 767 2697; x_wconf 88' lang='lat' dir='ltr'>ualis</span> <span class='ocrx_word' id='word_1_306' title='bbox 791 2663 836 2696; x_wconf 91' lang='lat' dir='ltr'><em>H</em></span> <span class='ocrx_word' id='word_1_307' title='bbox 842 2665 865 2703; x_wconf 91' lang='lat'>¹,</span> <span class='ocrx_word' id='word_1_308' title='bbox 908 2662 998 2696; x_wconf 90' lang='lat' dir='ltr'>uelis</span> <span class='ocrx_word' id='word_1_309' title='bbox 1023 2662 1059 2697; x_wconf 84' lang='lat' dir='ltr'><em>R</em></span> <span class='ocrx_word' id='word_1_310' title='bbox 1185 2660 1380 2705; x_wconf 83' lang='lat' dir='ltr'>perspicere</span> <span class='ocrx_word' id='word_1_311' title='bbox 1404 2659 1505 2703; x_wconf 61' lang='lat' dir='ltr'>BP,</span> <span class='ocrx_word' id='word_1_312' title='bbox 1545 2657 1684 2703; x_wconf 87' lang='lat' dir='ltr'>percipe</span> 
     </span>
     <span class='ocr_line' id='line_1_35' title="bbox 180 2717 1380 2764; baseline -0.002 -11"><span class='ocrx_word' id='word_1_313' title='bbox 180 2719 220 2753; x_wconf 90' lang='lat' dir='ltr'><em>D</em></span> <span class='ocrx_word' id='word_1_314' title='bbox 358 2719 403 2754; x_wconf 83' lang='lat'>20</span> <span class='ocrx_word' id='word_1_315' title='bbox 428 2721 546 2763; x_wconf 89' lang='lat' dir='ltr'>potest</span> <span class='ocrx_word' id='word_1_316' title='bbox 569 2720 688 2755; x_wconf 82' lang='grc' dir='ltr'>ΛΟΜ</span> <span class='ocrx_word' id='word_1_317' title='bbox 693 2720 729 2763; x_wconf 90' lang='lat' dir='ltr'>b,</span> <span class='ocrx_word' id='word_1_318' title='bbox 771 2720 864 2764; x_wconf 89' lang='lat' dir='ltr'>potis</span> <span class='ocrx_word' id='word_1_319' title='bbox 889 2730 925 2753; x_wconf 88' lang='lat' dir='ltr'>es</span> <span class='ocrx_word' id='word_1_320' title='bbox 953 2719 988 2754; x_wconf 74' lang='lat' dir='ltr'><strong><em>G</em></strong></span> <span class='ocrx_word' id='word_1_321' title='bbox 1126 2717 1320 2752; x_wconf 89' lang='lat' dir='ltr'>discernere</span> <span class='ocrx_word' id='word_1_322' title='bbox 1351 2717 1380 2752; x_wconf 80' lang='grc' dir='ltr'><em>Ο</em></span> 
     </span>
    </p>
   </div>
  </div>
 </body>
</html>
