1884 2998
630 122 874 167 Epistulae
904 123 1030 160 duae.
1497 126 1582 168 203

414 649 782 713 EPISTVLA
824 650 1238 714 POSTERIOR.

207 831 478 862 DOCTISSIMO
508 831 619 863 VIRO
649 832 859 864 SAPAVDO
894 833 1094 864 RHETORI
1131 833 1435 866 CLAVDIANVS.

130 923 454 979 Disciplinarum
476 924 663 965 omnium
693 926 815 978 atque
837 926 990 967 artium
1013 926 1215 980 magistra
1237 925 1407 969 Graecia
1428 926 1579 969 idcirco

74 993 250 1035 maxime
272 993 480 1034 nobilibus
502 992 654 1034 studiis
682 996 878 1046 prouecta
899 995 960 1036 est
981 995 1105 1049 atque
1128 994 1269 1037 orbem
1290 1008 1418 1048 paene
1442 997 1580 1038 totum

42 1062 377 1116 smultiplicibus
417 1061 613 1116 conplexa
651 1062 864 1115 doctrinis,
897 1064 1091 1116 quoniam
1122 1076 1242 1106 nemo
1273 1064 1361 1106 illic
1392 1065 1580 1106 omnium

73 1131 166 1181 fnit,
191 1131 260 1185 qui
283 1131 510 1185 quidquam
533 1132 659 1173 bonae
690 1131 821 1182 frugis
844 1132 986 1183 ferret,
1020 1133 1102 1174 cui
1133 1143 1231 1174 non
1266 1145 1355 1187 par
1386 1133 1580 1176 merito

74 1199 231 1242 honos
255 1200 372 1242 siet.
414 1199 511 1242 hinc
532 1200 720 1243 nonnulli
741 1201 938 1243 mortales
961 1203 1155 1242 naturam
1175 1214 1302 1255 paene
1325 1202 1579 1255 supergressi

72 1269 318 1311 mortalium
350 1268 525 1310 extentis
556 1281 847 1323 usquequaque
877 1269 1168 1311 excellentium
1188 1269 1452 1324 ingeniorum
1474 1270 1578 1312 uiri-

71 1338 148 1380 bus
204 1338 533 1391 infatigabilibus
587 1339 696 1380 curis
742 1351 880 1380 rerum
927 1337 1070 1380 abdita
1122 1339 1323 1381 rimantes
1371 1339 1577 1392 repositas

27 1427 60 1453 ιο
73 1406 341 1463 originalium
385 1406 707 1461 primordiorum
753 1419 897 1449 causas
939 1409 982 1449 et
1028 1406 1315 1460 temporaliter
1358 1407 1579 1449 fluentium

72 1476 402 1519 substantiarum
432 1476 632 1530 praefixos
665 1488 766 1519 aeuo
798 1478 992 1519 terminos
1023 1476 1171 1530 indage
1202 1477 1244 1518 et
1273 1477 1362 1518 arte
1393 1476 1579 1530 conplexi

73 1557 154 1587 non
184 1545 306 1587 modo
338 1544 450 1587 intra
479 1546 750 1597 mundanum,
784 1547 855 1588 sed
885 1545 1185 1599 supercaeleste
1220 1544 1348 1587 etiam
1382 1544 1580 1586 introiere

73 1615 290 1655 secretum.

130 1682 247 1734 Quod
295 1682 399 1725 mihi
449 1684 491 1725 in
542 1682 871 1736 praesentiarum
921 1694 1020 1724 usus
1071 1684 1135 1724 est
1185 1682 1335 1736 dicere,
1386 1681 1579 1735 quoniam

27 1770 61 1798 ιε
72 1750 276 1794 bonarum
317 1751 473 1794 artium
517 1751 604 1794 iam
647 1751 746 1792 inde
777 1763 800 1793 a
830 1762 1076 1805 proauorum
1121 1752 1358 1793 nostrorum
1403 1750 1579 1792 saeculis

73 1820 184 1862 facta
228 1820 387 1863 iactura
419 1820 461 1862 et
495 1819 625 1861 animi
668 1820 828 1862 cultum
873 1820 1088 1873 despuens,
1137 1831 1215 1873 quo
1262 1818 1350 1861 solo
1395 1819 1580 1872 praestat

72 1889 222 1944 pecudi
259 1902 361 1946 gens
401 1888 592 1940 humana,
633 1888 796 1931 deliciis
827 1889 869 1931 et
899 1888 1063 1931 diuitiis
1094 1888 1278 1930 seruiens
1308 1887 1503 1943 ignauiae
1535 1888 1578 1928 et

72 1958 264 2001 inscitiae
302 1956 462 2000 famula
497 1969 663 2011 pessum
701 1969 820 2011 porro
859 1956 972 1999 dedit
1011 1969 1106 1999 cum
1136 1956 1327 1999 doctrina
1357 1955 1580 1998 uirtutem.

208 2080 314 2117 62³?

157 2194 179 2229 2
215 2195 320 2230 Haec
357 2195 517 2239 epistula
551 2194 593 2229 in
627 2204 701 2229 uno
738 2193 856 2229 codice
890 2193 1065 2228 Parisino
1100 2202 1157 2229 nr.
1193 2194 1292 2228 2165
1325 2203 1416 2229 saec.
1453 2192 1580 2235 XIII,

74 2263 178 2297 quem
213 2263 327 2297 supra
362 2253 436 2287 iam
471 2252 580 2287 litera
616 2252 656 2286 Ε
690 2251 990 2297 siqnificauimus,
1028 2251 1159 2296 leyitar
1197 2250 1272 2293 (fol.
1306 2252 1370 2285 34⁷
1400 2251 1464 2285 col.
1489 2252 1511 2284 1
1534 2269 1578 2275 —

73 2309 139 2353 fol.
166 2311 223 2346 35¹
254 2310 320 2345 col.
345 2311 395 2353 2).
438 2313 518 2344 erat
551 2309 641 2343 liber
673 2308 733 2343 ille
764 2309 1039 2353 manuscriptus
1071 2308 1156 2343 olim
1184 2307 1334 2342 Balazii
1365 2307 1456 2351 (cod.
1481 2308 1577 2351 112),

74 2368 137 2412 qui
166 2367 256 2402 inde
286 2368 381 2402 hanc
411 2366 604 2411 epistulam
635 2365 855 2410 deprompsit
885 2369 994 2410 atque
1026 2364 1143 2400 edidit
1172 2365 1215 2399 in
1239 2364 1579 2399 ‘Miscellaneorum’

74 2436 167 2471 libro
203 2436 264 2471 VI
295 2436 433 2479 (Latet.
469 2435 587 2469 Paris.
625 2436 735 2475 1713)
771 2444 857 2479 pay.
895 2435 967 2469 535
982 2444 1055 2478 sqq.
1194 2442 1364 2468 EXPLICIT
1399 2420 1579 2467 ΜᾸῖἱΕιῑΉ

74 2514 283 2541 cunnum
305 2516 353 2540 m:
379 2514 497 2539 srnrv
522 2513 674 2539 Annua
697 2513 810 2538 nima
835 2512 1004 2539 TERTIVS.
1036 2490 1132 2537 Εἰῖᾼ
1156 2510 1332 2536 mvsmm.
1358 2508 1578 2534 nocnssnuo

74 2572 166 2598 vmo
191 2571 361 2598 snrAvno
386 2571 557 2597 annom
582 2570 818 2597 cmvmnnvs
843 2559 883 2594 E
1017 2559 1038 2594 3
1063 2558 1185 2593 iccirco
1210 2557 1251 2591 Ε
1384 2557 1407 2590 4
1431 2566 1518 2600 pene
1543 2556 1584 2591 E

75 2619 132 2654 hic
163 2623 196 2654 et
225 2619 334 2661 infra
477 2619 498 2653 6
534 2618 649 2652 uerba
684 2617 872 2652 cui—siet
904 2627 922 2650 e
953 2616 1101 2651 senario
1137 2613 1292 2658 quodam
1328 2612 1479 2647 iambico
1515 2612 1578 2647 de-

70 2680 244 2721 prompta
268 2686 341 2711 esse
357 2676 397 2710 in
410 2674 610 2720 propatulo
627 2678 679 2709 est
795 2673 838 2707 10
855 2672 1109 2708 fluctuantium
1127 2670 1307 2705 Baluzius
1424 2669 1464 2703 11
1492 2679 1580 2704 aeno

4 2779 6 2781 ,
75 2743 141 2767 om.
167 2733 350 2768 Baluzius
490 2733 532 2766 18
557 2741 698 2776 passum
723 2730 906 2765 Balazius
