1884 2998
631 60 690 94 De
714 61 842 94 statu
867 61 1041 95 animae
1065 61 1083 96 I
1107 62 1162 98 21.
1589 65 1643 107 73

142 196 298 235 aerem,
330 184 389 226 sic
420 197 488 226 aer
520 196 684 237 aquam,
718 185 777 226 sic
807 197 915 238 aqua
944 185 1112 228 terram.
1162 190 1270 230 unde
1301 190 1365 231 est
1393 191 1496 243 quod
1518 188 1643 230 etiam

145 264 220 294 nos
251 265 325 305 per
355 253 542 295 fistulam
573 253 642 293 uel
672 252 838 295 cuiusce
870 254 982 295 modi
1012 253 1162 296 tibiam
1193 256 1377 299 adtracto
1407 270 1497 299 aere
1517 269 1644 310 aquas

145 320 414 363 indifficulter
464 321 692 372 haurimus,
740 323 781 362 et
827 334 848 362 e
895 324 1113 376 puteorum
1163 324 1374 377 profundis
1424 325 1646 367 artificiose

144 390 341 443 conpacto
381 390 715 432 machinamento
754 390 928 443 quodam
968 403 1131 433 sursum
1170 404 1312 434 uersus
1343 395 1452 434 unda
1481 395 1646 447 grauior

111 459 196 500 501)
228 460 422 500 naturam
454 458 616 512 cogitur
647 459 688 499 et
719 458 823 499 aeris
846 458 1099 500 adminiculo
1122 459 1165 500 in
1188 462 1383 514 angustos
1404 461 1644 503 tubulorum

145 531 307 569 meatus
337 527 380 568 ui
402 527 600 580 conpulsa
621 525 787 568 labrum
808 530 926 568 tenus
949 539 1072 581 supra
1092 540 1301 570 summum
1323 529 1438 581 putei
1460 541 1647 582 expressa

145 596 392 650 prolabitur.
443 596 543 637 haec
573 607 669 649 ergo
692 596 943 637 dissonantia
975 595 1276 637 contrariorum
1309 597 1389 638 sibi
1421 608 1643 649 corporum,

145 666 191 706 ut
224 664 437 717 quodlibet
465 665 613 706 uiuens
646 675 791 717 corpus
823 664 1008 712 exsistat,
1042 665 1084 705 in
1115 667 1322 717 quandam
1347 665 1645 706 concinentiam

146 733 309 788 cogitur
340 735 444 774 nutu
477 732 686 775 creatoris.
733 745 781 774 ex
804 732 868 774 his
900 735 1040 774 autem
1072 733 1288 774 elementis
1312 735 1644 787 quattuor-‚quae

95 802 354 844 inmoderate
393 802 632 855 musiceque
672 801 714 842 in
755 801 910 842 arboris
955 801 1044 843 uita
1084 801 1162 842 sibi
1204 801 1435 851 concinunt,
1483 804 1517 842 si
1549 803 1644 854 quid

145 871 288 912 contra
319 883 556 912 mensuram
587 871 655 912 uel
686 870 889 923 superfuit
920 870 1025 911 forte
1047 870 1115 912 uel
1136 870 1278 922 defuit,
1302 869 1503 923 aegrescit
1524 869 1645 910 arbor

145 939 236 993 ipsa
274 941 467 992 primum,
509 938 658 980 dehinc
697 940 895 980 emoritur
932 939 1062 980 ueluti
1100 939 1213 980 uicta
1251 939 1462 992 languore.
1511 937 1643 979 cernis

144 1008 242 1050 istic
280 1008 588 1050 dissonantibus
627 1008 679 1049 ab
719 1007 895 1050 unitatis
932 1007 1194 1050 concinentia
1239 1006 1416 1060 corporis
1456 1005 1643 1060 partibus

145 1076 279 1119 uitam
325 1078 464 1131 potius
494 1089 518 1118 a
549 1089 715 1129 corpore
747 1077 894 1127 deseri,
941 1088 1065 1130 quam
1112 1088 1258 1129 corpus
1290 1088 1313 1117 a
1343 1075 1432 1117 uita
1477 1074 1644 1116 dimitti.

99 1160 133 1185 15
147 1146 311 1187 constat
340 1147 468 1200 igitur
499 1158 663 1187 omnem
693 1146 827 1187 uitam
859 1157 933 1187 nec
963 1145 1150 1187 localiter
1180 1144 1398 1187 abscedere
1429 1155 1453 1185 a
1484 1154 1646 1195 corpore

145 1227 220 1256 nec
268 1214 311 1256 in
364 1226 530 1267 corpore
582 1214 699 1256 uelut
749 1214 792 1255 in
842 1215 929 1256 loco
980 1226 1067 1256 esse
1118 1226 1193 1255 nec
1249 1212 1435 1255 localiter
1492 1209 1648 1263 corpori

146 1284 349 1325 accedere.

203 1352 284 1394 Hic
315 1352 350 1393 si
375 1352 602 1394 causalium
623 1350 832 1393 rationum
854 1352 1012 1392 secreta
1032 1349 1195 1401 rimare,
1218 1348 1525 1391 animaduertas
1547 1346 1647 1389 licet

215 1521 238 1555 2
262 1519 421 1555 fistulam
450 1519 548 1562 GM,
586 1519 750 1553 fistucam
778 1519 953 1560 BGH¹R‚
989 1518 1160 1552 festucam
1186 1518 1261 1552 rell.
1382 1517 1527 1551 huiusce
1551 1515 1648 1550 modi

149 1579 216 1622 Gp
354 1578 377 1612 4
401 1588 521 1611 sursus
547 1587 647 1611 uerso
672 1576 825 1610 ABDE
846 1576 903 1621 (in
928 1586 1054 1620 marya
1082 1575 1173 1609 alius
1199 1575 1303 1609 codex
1327 1577 1477 1608 ‘sursum
1500 1574 1648 1614 uersus')

148 1635 220 1671 FP
357 1636 379 1669 ὃ
410 1634 591 1678 angustiis
625 1634 659 1669 G
798 1633 1007 1667 tubulorum
1040 1633 1079 1667 E
1106 1633 1147 1667 in
1170 1643 1282 1677 marg).
1325 1632 1416 1666 alius
1453 1630 1557 1666 codex
1585 1629 1650 1664 ad-

148 1714 254 1756 dens,
295 1696 501 1749 tabularum
529 1714 572 1756 G,
614 1713 805 1747 tullbarum
840 1713 887 1755 D,
928 1712 1096 1747 tubarum
1128 1712 1167 1746 E
1187 1712 1229 1746 in
1253 1714 1438 1752 contextu,
1481 1709 1647 1744 tuborum

143 1771 228 1806 rell.
255 1774 288 1806 et
314 1770 414 1813 Sch„
455 1772 636 1805 tumorum
668 1770 852 1805 Barthius
990 1770 1010 1803 6
1042 1771 1158 1803 metus
1190 1768 1228 1803 D
1367 1767 1415 1812 ui]
1442 1769 1505 1800 aut
1535 1777 1559 1810 p

149 1829 332 1863 labrorum
355 1829 399 1871 0,
437 1827 538 1863 labro
555 1827 705 1863 DEFP
723 1826 802 1862 Sch.
919 1827 1035 1871 puteis
1060 1826 1132 1860 Mb
1247 1825 1266 1859 7
1291 1824 1500 1869 probabitur
1524 1823 1560 1858 R

150 1908 172 1943 8
197 1908 320 1943 existit
344 1908 381 1943 Α
513 1907 770 1942 continentiam
795 1906 950 1950 A0R1p
1089 1905 1110 1939 9
1135 1886 1224 1939 nutS
1250 1903 1280 1939 S
1407 1903 1467 1947 qui
1491 1900 1649 1937 ΑΒΟΓι

153 1965 346 2002 GHLRS¹
465 1966 508 2000 19
533 1965 702 2000 moderat'
728 1964 800 2006 M1,
837 1975 931 1999 corr.
958 1964 1020 1999 M²
1042 1964 1085 1997 in
1108 1973 1228 2007 mary„
1265 1960 1491 1995 moderantur
1517 1960 1536 1994 b
1553 1959 1651 1994 Bar-

147 2024 248 2059 thius
386 2022 520 2057 musice
557 2033 645 2066 quae
682 2021 811 2063 MRb,
851 2021 983 2055 musice
1019 2020 1146 2064 quibus
1184 2019 1242 2054 uel
1273 2018 1427 2052 musicae
1459 2027 1528 2061 qua
1559 2016 1651 2051 coni.

151 2081 331 2116 Barthius
470 2080 551 2114 uita
574 2079 703 2122 MRb,
743 2079 857 2113 uitam
881 2078 958 2112 rell.
985 2081 1018 2113 et
1043 2077 1121 2112 Sch.
1259 2075 1312 2109 ibi
1335 2073 1522 2116 ABHLS,
1562 2073 1652 2107 mihi

152 2161 189 2196 R
313 2162 354 2196 11
381 2142 521 2205 subfuit
546 2159 581 2194 R
709 2159 836 2193 arescit
861 2158 898 2201 b,
939 2157 1035 2202 quod
1052 2167 1235 2201 suprascr.
1253 2167 1349 2190 man.
1366 2165 1435 2189 rec.
1452 2155 1494 2189 in
1518 2154 1565 2188 M

152 2219 197 2254 12
229 2220 266 2254 et
296 2219 452 2253 moritur
485 2218 518 2253 G
656 2218 735 2250 uita
769 2218 811 2260 p²
950 2215 1095 2259 langore
1132 2213 1248 2249 ΛΟΜ
1384 2213 1426 2246 13
1462 2211 1542 2245 istis
1578 2210 1653 2245 Mb

151 2276 233 2312 Βοὴ.
269 2277 311 2311 in
345 2280 463 2317 textu,
512 2275 582 2309 ista
618 2274 821 2309 ABE¹FP
846 2273 924 2308 Sch.
963 2272 1003 2306 in
1039 2272 1136 2306 notis
1273 2268 1491 2304 continentia
1526 2268 1562 2302 A

151 2337 266 2368 totum
296 2333 530 2368 enuntiatum
559 2332 609 2366 sic
642 2334 833 2365 exaratum
865 2333 915 2364 est
941 2329 983 2362 in
1008 2329 1069 2370 M,
1111 2331 1152 2362 ut
1176 2327 1290 2361 literis
1314 2325 1436 2359 rubris
1458 2323 1654 2368 unicuique

151 2391 235 2425 uoci
257 2390 512 2434 superscriptis
542 2389 638 2423 hanc
666 2388 862 2422 uerborum
887 2386 1154 2420 collocationem
1178 2393 1252 2418 esse
1279 2382 1454 2417 librarius
1476 2380 1654 2415 uoluerit:

152 2444 753 2491 amnprqsocfdebgiklh
895 2443 938 2477 16
963 2452 1037 2477 esse
1061 2441 1134 2485 nec]
1162 2451 1236 2475 esse
1260 2450 1328 2473 non
1360 2438 1390 2473 C
1517 2437 1655 2482 corpori

154 2527 248 2571 Mb,
290 2504 401 2571 corpo'ri
424 2527 479 2569 R,
522 2526 566 2561 ad
598 2536 724 2570 corpus
758 2524 860 2568 ἂρ’,
901 2533 1027 2567 corpus
1052 2521 1130 2556 rell.
1268 2519 1310 2554 18
1342 2517 1406 2552 hoc
1436 2517 1484 2552 M
1619 2525 1656 2549 se

152 2608 176 2643 b
314 2606 517 2642 causalibus
547 2616 574 2649 p
720 2604 843 2637 rimere
880 2602 930 2645 G,
972 2578 1118 2636 rimares
1151 2599 1186 2634 R
1324 2594 1578 2631 animaduertis
1609 2593 1659 2628 M

153 2665 235 2701 R²b
375 2665 489 2708 liquet
521 2662 650 2698 suadet
683 2661 862 2696 Bai-thius
