1884 2998
253 159 308 202 38
770 157 1013 193 Claudiani
1042 159 1250 195 Mamerti

256 296 339 326 non
371 285 572 335 creatum,
606 286 712 338 quod
737 284 869 327 creari
902 286 1144 339 oportuerit,
1176 287 1470 340 consequenter
1498 287 1760 342 intellegunt.

255 364 381 396 causa
411 354 522 395 enim
553 354 822 397 creandarum
853 366 992 396 rerum
1024 354 1185 398 bonitas
1217 355 1411 397 creatoris
1435 358 1511 407 est,
1534 355 1605 409 qui
1625 367 1762 398 creare

253 422 403 475 potens
443 422 641 465 uniuersa
681 434 784 476 quae
822 422 926 465 uelit
963 425 1011 465 ut
1051 422 1159 466 nihil
1198 423 1399 466 bonitatis
1431 423 1694 476 exercuisset,
1726 424 1761 466 si

253 490 359 533 nihil
392 493 587 542 creasset,
619 490 681 533 ita
701 490 930 544 semiplena
954 491 1213 545 benignitate
1235 504 1331 534 usus
1363 494 1486 544 esset,
1509 493 1545 534 si
1567 492 1761 546 semiple-

252 571 353 602 num
391 559 550 613 aliquid
590 559 854 602 condidisset.
906 559 1061 602 mirum
1102 562 1243 602 autem
1273 560 1440 603 uidetur
1471 561 1761 615 subplemento
1794 575 1811 601 5

253 641 393 671 rerum
425 628 565 671 defore
598 628 770 683 aliquid,
801 629 835 670 si
866 640 983 671 rosae
1014 628 1210 671 flosculus
1241 642 1322 672 non
1354 629 1585 681 exsisteret,
1618 630 1661 671 et
1681 642 1760 673 non

255 697 393 740 defore
424 698 459 739 si
488 697 727 751 incorporea
757 697 993 739 substantia
1024 709 1107 739 non
1138 698 1247 740 esset
1277 700 1427 741 creata.
1480 711 1532 740 ne
1563 710 1659 753 ergo
1682 710 1763 741 non

252 766 478 809 minimum
509 766 682 821 aliquid,
715 767 786 809 sed
817 766 884 808 uel
914 766 1180 820 potissimum
1212 767 1370 810 deforet
1394 768 1607 810 creaturae
1628 767 1763 821 pleni—

252 835 405 887 tudini,
447 835 592 878 debuit
637 834 875 890 incorporea
919 846 1079 889 quoque
1125 836 1360 878 substantia
1398 837 1542 879 creari.
1595 836 1667 878 sed
1713 838 1764 878 ad

252 905 450 947 creatoris
488 904 594 946 forte
633 903 839 946 referatur
879 904 1094 958 iniuriam,
1133 905 1168 947 si
1207 906 1492 960 incorporeum
1532 904 1689 959 aliquid
1720 916 1766 947 ac
1779 920 1811 945 ιο

252 973 336 1017 sibi
367 973 505 1016 simile
536 973 768 1016 condidisse
800 972 975 1022 dicatur,
1008 973 1105 1027 quia
1135 974 1273 1016 simile
1305 976 1380 1017 deo
1412 974 1519 1016 nihil
1550 972 1763 1016 inuenitur

252 1042 297 1085 in
342 1054 523 1096 corpore.
575 1042 647 1084 sed
694 1042 745 1084 ab
789 1043 876 1096 ipso
918 1042 992 1084 deo
1033 1042 1268 1085 similitudo
1308 1043 1375 1085 dei
1421 1043 1561 1085 anima
1609 1042 1764 1084 dicitur

254 1111 449 1164 humana,
481 1111 525 1153 in
556 1123 726 1164 corpore
757 1113 898 1153 autem
929 1111 1050 1154 nulla
1071 1123 1159 1154 esse
1181 1111 1320 1166 potest
1340 1111 1572 1153 similitudo
1596 1110 1762 1153 diuina:

252 1180 540 1235 incorporeum
586 1192 681 1236 ergo
721 1180 814 1233 erit,
854 1182 961 1234 quod
999 1180 1073 1223 deo
1113 1180 1170 1223 sit
1211 1180 1364 1231 simile,
1415 1180 1623 1223 humanus
1668 1191 1764 1221 uero

253 1250 418 1293 animus
464 1251 515 1292 ad
560 1249 886 1292 similitudinem
926 1249 992 1291 dei
1031 1248 1167 1292 factus
1207 1250 1283 1303 est,
1329 1249 1593 1302 incorporeus
1632 1247 1765 1301 igitur
1780 1265 1812 1291 15

255 1320 319 1362 est
349 1319 513 1361 animus
548 1319 768 1361 humanus.

980 1475 1036 1530 V.

254 1604 380 1645 QVOD
409 1604 742 1636 INCORPOREVM
773 1602 1013 1635 CORPOREO
1049 1603 1106 1634 ΕΤ
1136 1602 1366 1634 INLOCALE
1404 1602 1573 1634 LOCALI
1611 1601 1765 1633 DIGNI-

771 1672 890 1702 TATE
915 1671 1250 1703 PRAEPONITVR.

311 1764 443 1808 Omne
491 1765 632 1807 autem
672 1765 957 1819 incorporeum
998 1775 1189 1819 corporeo
1246 1765 1289 1806 et
1342 1763 1514 1806 inlocale
1560 1762 1684 1805 locali
1727 1762 1814 1804 et20

254 1834 479 1878 insecabile
510 1833 683 1877 secabili
714 1835 754 1876 et
785 1833 933 1876 uluens
963 1845 1046 1875 non
1076 1832 1239 1875 uiuenti
1269 1832 1315 1874 in
1333 1833 1518 1883 ‚naturae
1560 1832 1767 1887 dignitate

253 1902 534 1958 praeponitur.
602 1902 813 1945 enimuero
868 1903 1029 1945 creator
1087 1901 1519 1956 omnipotentissimus
1573 1900 1766 1954 idemque

323 2087 343 2122 1
376 2087 529 2143 creatori
559 2087 587 2123 S
731 2086 754 2120 2
785 2095 875 2130 quae
905 2085 942 2120 B
1088 2084 1111 2120 3
1140 2086 1261 2130 potest
1299 2084 1375 2120 GM
1382 2084 1402 2119 b
1540 2083 1647 2117 uellit
1678 2082 1766 2124 BH,

253 2154 364 2190 uellet
399 2155 466 2190 LS
603 2156 645 2190 ut
681 2166 748 2191 om.
786 2155 866 2191 Βοὴ.
1018 2154 1160 2188 bonitas
1196 2153 1269 2189 BG
1417 2153 1448 2187 si
1484 2151 1579 2186 nihil
1615 2153 1768 2186 creasset

253 2222 320 2248 om.
357 2213 420 2248 Μι
568 2213 591 2247 4
627 2212 915 2257 semiplena—si
953 2222 1021 2248 om.
1061 2211 1095 2247 G
1233 2211 1288 2245 est
1323 2208 1582 2245 BDEFHLS
1597 2208 1676 2244 Βοὴ.

253 2269 274 2305 6
299 2270 433 2314 rerum]
461 2280 536 2305 esse
560 2269 646 2306 add.
671 2270 763 2313 Mb,
799 2270 896 2315 quod
911 2269 1107 2314 transponi
1122 2268 1224 2304 iubet
1234 2270 1320 2313 post
1336 2267 1480 2302 uidetur
1495 2266 1677 2302 Barthius

255 2326 460 2363 defuturum
496 2331 643 2363 seruato
680 2338 753 2362 esse
782 2338 813 2372 p
1009 2337 1066 2361 ros
1103 2325 1288 2361 eflosculus
1325 2324 1386 2366 M,
1433 2333 1490 2358 ros
1527 2325 1563 2358 et
1599 2322 1768 2358 flosculus

254 2384 285 2428 b,
325 2395 404 2419 rosa
420 2386 457 2420 et
473 2384 640 2420 flosculus
664 2384 855 2427 Barthius,
897 2384 971 2420 fore
995 2384 1032 2419 fl.
1056 2383 1157 2426 AB¹,
1198 2382 1292 2418 forte
1316 2382 1352 2417 fl.
1378 2381 1414 2416 B
1438 2391 1536 2417 man.
1561 2390 1643 2422 rec„
1684 2380 1769 2415 flore

252 2441 289 2477 fl.
312 2440 472 2486 DEFP,
514 2453 591 2478 rore
615 2442 650 2477 fl.
675 2442 713 2479 R
827 2442 998 2477 existeret
1022 2441 1107 2484 HR,
1145 2440 1340 2476 existerent
1364 2439 1547 2475 Barthius
1665 2437 1684 2471 7
1710 2437 1768 2472 de-

255 2499 420 2534 futurum
449 2511 476 2544 p
613 2500 653 2535 in
686 2510 829 2545 corpore
858 2499 897 2543 G,
939 2509 1104 2544 corporea
1129 2510 1157 2544 p
1295 2498 1318 2533 8
1349 2496 1422 2542 sed]
1455 2507 1498 2531 ne
1529 2494 1614 2531 add.
1646 2494 1678 2530 G·

254 2556 492 2602 potissimum]
519 2568 589 2592 non
613 2557 698 2593 add.
722 2556 828 2592 MPb
944 2557 966 2592 9
990 2556 1113 2601 creari]
1138 2555 1286 2591 creatori
1312 2553 1386 2590 BR
1504 2552 1547 2588 12
1571 2552 1616 2587 ad
1640 2552 1677 2588 R

254 2614 298 2650 18
332 2613 793 2660 incorporeum—inlocale
822 2613 971 2659 scripsi,
1012 2610 1465 2659 incorporeus-inlocalis
1497 2609 1582 2645 libri
1613 2619 1692 2645 cum
1723 2609 1771 2643 M

252 2671 297 2707 in
328 2671 573 2716 capitulorum
603 2671 736 2715 indice,
768 2672 832 2716 qui
862 2671 928 2707 hoc
950 2671 1026 2706 loco
1049 2667 1477 2715 incorporeus—illocale
1502 2666 1638 2702 illocali
1657 2675 1768 2711 prae·
1834 2689 1836 2693 ψ

255 2730 314 2766 bet
453 2729 499 2765 20
534 2731 723 2766 inlocalem
759 2730 798 2765 B
943 2729 984 2764 21
1023 2729 1076 2774 in]
1113 2727 1474 2764 secabile—naturae
1511 2735 1578 2761 om.
1615 2724 1675 2760 Μ1

256 2798 327 2823 non
352 2797 418 2824 om.
447 2788 484 2822 A
622 2788 661 2823 in
686 2798 752 2823 om.
780 2787 843 2824 Gb
982 2786 1154 2831 dignitati
1179 2785 1216 2822 R
