1884 2998
552 108 787 144 uerborum
811 106 856 141 et
878 105 1169 141 locutionum.

149 234 201 269 18.
249 233 424 278 reliquum
472 233 634 268 lectionis
674 231 729 274 24,
773 232 826 266 14.

147 280 306 324 saeptum
331 279 486 322 corporis
511 277 588 320 174,
616 277 667 313 15.
692 279 826 312 secreta

146 335 332 360 causarum
362 324 417 364 23,
451 324 504 358 12.
537 333 652 358 rerum
685 322 739 364 73,
774 323 827 356 18.

148 380 327 405 summum
351 369 460 415 digiti
488 369 543 411 68,
571 368 624 403 13.
647 367 747 413 putei
772 367 827 408 73,

147 415 177 450 6.
211 426 230 449 a
256 415 490 460 oeryphorum
519 424 613 449 uana
641 413 700 448 uel
723 414 828 447 noxia

146 459 200 502 25,
231 425 288 495 32.
322 460 477 495 uirentia
506 459 692 494 herbarum
717 457 770 500 74,
796 458 829 492 9.

80 516 265 552 adieetiua
318 516 595 551 aduerbialiter:
643 516 828 550 contumax

147 562 284 597 restitit
318 562 373 603 56,
400 562 455 596 17.
491 562 581 596 uicit
605 560 828 595 uoluntarius

148 607 203 649 57,
229 607 261 641 6.
287 607 429 651 quietus
453 607 532 651 agit
556 606 610 647 69,
631 606 685 640 13.
708 606 751 640 ut
768 616 828 640 nec

146 652 207 687 ille
243 653 358 705 magis
396 654 534 687 noceret
566 651 737 693 occultus,
768 661 829 685 nec

148 698 283 733 otiosus
307 700 375 732 iste
399 699 553 743 torperet
578 697 654 739 100,
681 697 735 731 13.
760 706 827 730 non

148 742 257 778 dubia
289 744 436 787 (anima)
473 743 628 777 decreuit
660 741 736 783 103,
774 740 830 775 20.

147 788 286 823 nescius
317 788 502 823 incurristi
537 788 726 822 ueritatem
752 787 828 826 106.

148 834 180 868 6.
217 834 381 878 praeuius
417 833 543 878 pandit
578 833 647 867 iter
685 833 762 875 174,
798 832 830 867 5.

148 879 242 923 quod
267 881 385 923 (opus)
411 878 639 923 magnificum
656 877 698 912 de
715 888 828 912 rerum

146 926 276 959 natura
323 924 480 968 prodidit
528 923 603 965 121,
651 924 683 958 6.
739 923 830 967 quod

148 969 328 1015 (uacuum)
360 971 439 1004 tute
463 969 638 1003 modicum
663 968 830 1013 inpendas

147 1015 325 1050 amicitiae
336 1015 412 1057 194,
421 1015 454 1049 4.
467 1025 546 1049 cum
561 1015 674 1049 forum
688 1025 723 1048 m
733 1015 806 1049 aiu
815 1025 830 1047 s

149 1060 363 1106 quadratum
389 1061 450 1102 sit,
474 1071 545 1095 non
570 1062 689 1094 tamen
713 1060 830 1104 magis

148 1105 361 1151 quadratum
392 1108 446 1140 est
479 1105 556 1147 112,
588 1105 621 1140 9.
652 1105 744 1140 illud
772 1105 827 1139 uel

146 1152 346 1232 maxi-man&
351 1162 504 1232 1qu2alerq3
505 1151 607 1231 Ο179ἐς
629 1150 650 1185 9
688 1151 758 1240 seg.)
776 1151 831 1185 uel

148 1207 299 1232 maxime
371 1220 767 1239 ......

80 1255 248 1290 adimere:
273 1254 438 1298 adempta
467 1253 634 1288 dominici
660 1252 827 1297 simplici-

149 1301 225 1334 tate
250 1299 418 1333 sermonis
448 1299 523 1340 169,
549 1299 580 1333 7.

82 1345 178 1381 adire
203 1345 279 1379 loca
304 1344 485 1388 quaelibet
510 1344 588 1388 159,
616 1344 667 1378 11.

81 1391 327 1426 adiumentum
354 1389 429 1431 127,
459 1390 512 1425 16.

81 1436 266 1471 adiunctio
291 1435 386 1479 paris
412 1435 565 1479 corporis
590 1435 644 1475 60,
672 1435 701 1469 1.

82 1481 229 1524 adiungi
276 1480 457 1516 medials.

149 1526 340 1568 adiungere
364 1526 420 1567 97,
447 1526 477 1560 l.

82 1572 240 1608 adiutore
264 1571 343 1605 Iesu
370 1571 445 1614 176,
471 1571 503 1605 2.

82 1617 353 1654 adminiculare:
390 1616 669 1651 adminiculante
693 1616 833 1650 ratione

484 1481 663 1525 eidemque
699 1490 832 1524 semper

151 1663 207 1703 81,
240 1662 272 1696 9.
304 1664 540 1697 consentanea
571 1672 659 1706 quae
696 1661 833 1695 uirtute

149 1707 298 1742 rationis
323 1707 627 1742 adminiculantur
653 1707 730 1749 125,
758 1707 788 1740 1.

82 1754 335 1789 adminiculum
348 1753 494 1798 pietatis
512 1752 567 1794 20,
582 1754 613 1788 3.
627 1763 659 1787 a.
675 1752 834 1787 humoris

149 1799 204 1840 46,
231 1799 263 1833 2.
289 1809 321 1832 a.
348 1798 441 1833 aeris
468 1799 520 1840 73,
547 1798 580 1832 5.

82 1845 348 1880 administrare:
400 1844 544 1887 (anima)
584 1843 835 1877 administran-

152 1890 231 1925 dam
249 1889 400 1934 suscipit
417 1900 554 1923 carnem
571 1889 626 1931 54,
642 1889 696 1923 16.
717 1889 835 1923 anima

151 1935 379 1970 administrat
421 1945 545 1979 corpus
586 1934 741 1969 animale
779 1934 834 1974 82,

151 1982 184 2017 3.
209 1981 263 2015 24.
289 1980 564 2015 administrante
589 1980 652 2014 deo
676 1979 731 2021 82,
756 1980 789 2015 5.

85 2026 319 2061 admiratione
344 2026 398 2060 sui
422 2025 595 2070 pellectus
620 2025 697 2067 128,
723 2025 776 2059 10.

84 2083 292 2118 admittere:
307 2082 436 2117 creatio
450 2082 576 2117 mundi
588 2093 660 2117 non
670 2081 835 2117 admittit

151 2129 267 2172 spatia
292 2128 369 2169 148,
395 2128 449 2163 18.

84 2173 289 2209 admodum:
313 2173 383 2207 tibi
412 2184 443 2208 a.
468 2173 535 2208 soli
560 2173 614 2215 34,
640 2174 697 2207 20.
723 2173 778 2207 sui
803 2183 835 2205 a.

152 2219 280 2253 molem
294 2219 463 2253 metimur
477 2219 531 2261 74,
544 2219 577 2253 4.
594 2219 670 2253 tuis
683 2229 715 2253 a.
735 2218 830 2252 testi-

150 2264 217 2299 bus
250 2264 326 2306 134,
358 2264 412 2298 12.
447 2265 485 2298 in
511 2275 632 2299 omnes
660 2275 692 2298 a.
716 2274 835 2308 corpo-

153 2320 232 2390 {lgm
241 2313 378 2389 8partes.
400 2310 476 2350 174,
504 2311 558 2345 18.
573 2310 753 2390 1113,ἕὶιὲ3.
766 2309 834 2388 1111ἑί

201 2382 207 2395 ,
266 2380 273 2386 .
310 2365 441 2389 acriore
477 2365 509 2389 a.
546 2366 625 2389 nisu
736 2382 744 2397 ,
829 2380 835 2386 -

152 2401 338 2445 potissima
369 2411 400 2434 a.
426 2411 529 2435 causa
552 2401 607 2442 87,
634 2400 688 2435 16.
720 2399 836 2445 philo-

152 2447 284 2490 sophus
302 2457 332 2480 a.
350 2446 509 2490 princeps
527 2446 604 2487 127,
623 2447 655 2481 3.
673 2457 705 2480 a.
722 2444 836 2480 labori

153 2494 207 2525 est
225 2491 299 2532 176,
321 2491 374 2525 16.
391 2491 432 2526 de
449 2491 577 2526 alienis
594 2502 626 2525 a.
642 2491 836 2525 uolumini·
868 2526 869 2530 ,

155 2582 209 2616 11.
235 2581 311 2624 127,
328 2582 384 2616 20.
411 2582 486 2624 128,
506 2583 560 2617 12.
587 2582 733 2622 177,1ο.
760 2581 836 2622 187,
868 2533 870 2623 ἶ
901 2546 1049 2591 adplene
1081 2546 1136 2587 ὅθ’
1164 2545 1215 2579 ¹2·
1254 2543 1330 2585 ¹2⁰⁷
1364 2543 1384 2577 6
1423 2543 1501 2587 (ubi
1538 2541 1651 2586 (ΝΟΜ

153 2536 219 2570 bus
235 2547 349 2570 meum
369 2537 494 2571 faciam
514 2537 590 2578 121,
607 2537 663 2571 21.
693 2537 739 2579 cf.
759 2536 834 2577 122,

154 2627 208 2662 14.
235 2627 310 2669 199,
335 2627 369 2661 4.

85 2682 268 2718 admonere
278 2698 286 2717 :

339 2694 449 2728 genus
504 2684 700 2718 humanum
755 2684 872 2717 suae?

1559 102 1644 145 215

958 229 1116 264 monitus
1133 228 1182 263 sis
1199 227 1276 271 205,
1295 227 1350 262 23.
1374 226 1465 262 1111ιά
1479 226 1641 262 admone-

959 274 1052 309 beris
1075 274 1131 317 90,
1155 273 1188 308 5.

891 319 1008 355 adniti
1031 318 1199 354 scientiae
1223 317 1301 359 205,
1329 316 1385 352 20.

891 364 1203 400 adnominationis
1260 362 1402 409 fiqurae
1456 362 1640 406 exempla:

961 410 1109 455 peritiae
1163 407 1314 443 cedere
1360 408 1417 443 uel
1465 408 1644 443 credere

961 455 1139 491 amicitiae
1154 454 1208 496 18,
1221 454 1253 489 6.
1269 464 1339 488 non
1355 452 1643 498 exploranda,

962 500 1022 535 sed
1058 497 1340 552 explodenda
1375 499 1554 533 sententia
1589 498 1645 539 25,

961 547 995 581 5.
1032 545 1174 580 adfici
1200 545 1316 589 potest
1341 546 1382 578 ut
1406 543 1643 587 proficiat.

963 592 1057 626 sicut
1096 588 1327 625 Inferior-ibus
1367 590 1409 623 ut
1449 589 1646 624 deficiat

962 637 1017 679 28,
1043 636 1073 672 1.
1100 636 1131 671 si
1156 635 1243 680 quid
1266 634 1392 669 coloris
1416 633 1561 669 obuium
1586 644 1645 668 ce-

993 682 1100 725 erit,
1127 680 1328 724 concipit
1345 680 1450 714 et...
1479 679 1646 723 recipit

962 693 1041 769 373,
1073 727 1126 762 16.
1171 725 1340 761 bellum
1376 724 1494 770 pelle
1526 724 1643 759 animo

962 773 1018 815 35,
1043 773 1076 807 8.
1109 771 1269 817 cogitare
1294 770 1464 812 uoluit,
1490 769 1550 804 sed
1576 769 1646 804 elo-

963 818 1110 863 quinon
1135 816 1285 853 ualuit
1308 815 1365 857 42,
1383 816 1415 850 2.
1442 815 1591 850 adicit
1609 825 1647 849 ac

964 863 1081 898 dicit
1104 862 1159 905 55,
1176 863 1208 898 5.
1233 864 1270 896 et
1286 872 1307 896 a
1322 861 1540 906 proprietate
1557 871 1647 895 uer-

966 909 1007 943 bi
1046 910 1083 943 et
1111 919 1132 943 a
1154 907 1294 943 ratione
1334 907 1433 942 ueri
1473 905 1550 948 106,
1592 905 1646 940 17.

922 1003 928 1006 -
963 954 1051 1035 ¹1¹3?
1063 954 1136 1033 Ἧι
1149 952 1329 1034 ἵῗέἳειὲἰ
1339 953 1558 1043 ξῖιῗέιξέῃῖ
1568 961 1647 1031 ‘³52⁶'

1035 1026 1043 1042 ν
1124 1024 1131 1031 ·
1634 1016 1648 1022 “

964 1045 1217 1090 positurum
1235 1055 1271 1079 se
1288 1043 1435 1088 spondet
1451 1053 1519 1077 non
1534 1042 1648 1087 possit

965 1090 1122 1135 exponi
1158 1090 1214 1132 30,
1251 1089 1305 1124 11.
1344 1100 1414 1124 non
1452 1087 1648 1127 amittit,

966 1138 1025 1171 sed
1060 1135 1266 1170 dimittit
1301 1135 1356 1177 70,
1394 1133 1447 1169 18.
1484 1144 1554 1168 non
1582 1133 1649 1167 hoc

965 1184 1021 1217 est
1063 1183 1241 1216 struere
1283 1179 1378 1225 quod
1413 1179 1650 1214 destruere

967 1228 1044 1270 188,
1057 1226 1403 1270 6.atransfugio
1421 1224 1648 1269 refugium

966 1274 1077 1308 facere
1096 1272 1173 1312 189,
1187 1271 1243 1307 14.
1255 1291 1299 1297 —
1313 1270 1468 1306 modeste
1481 1280 1520 1304 ac
1533 1269 1649 1304 mode-

967 1320 1043 1353 rate
1075 1318 1130 1360 19,
1162 1317 1216 1352 16.
1253 1317 1333 1352 uale
1364 1319 1400 1351 et
1430 1316 1514 1360 uige
1545 1314 1648 1350 bonis

966 1364 1114 1405 uiribus,
1168 1363 1300 1397 ueteris
1351 1364 1532 1406 reparator
1579 1360 1648 1395 elo-

968 1411 1134 1454 quentiae
1181 1408 1237 1451 20,
1278 1408 1333 1443 16.
1379 1406 1562 1451 inprobari
1601 1406 1649 1440 sit

967 1456 1114 1497 iustum,
1147 1454 1340 1498 inpugnari
1364 1463 1434 1487 non
1458 1452 1649 1487 necessari-

967 1512 1026 1535 um
1052 1500 1107 1542 31,
1132 1500 1162 1534 8.
1189 1499 1372 1534 nominum
1396 1497 1500 1532 nobis
1524 1496 1649 1531 notiti-

968 1557 1025 1580 am
1061 1545 1116 1587 41,
1155 1545 1185 1579 7.
1224 1545 1309 1589 quia
1345 1542 1515 1588 quasdam
1548 1542 1650 1587 quasi

969 1591 1201 1626 faeculentias
1219 1590 1273 1632 45,
1292 1589 1347 1624 15.
1372 1588 1501 1624 callido
1523 1588 1650 1623 uideli-

967 1638 1023 1671 cet
1046 1639 1171 1679 cautus
1195 1635 1339 1680 ingenio
1371 1634 1428 1678 47,
1452 1634 1508 1669 15.
1535 1634 1649 1668 omnis

968 1683 1112 1718 omnino
1144 1681 1263 1716 anima
1293 1681 1349 1724 48,
1384 1680 1438 1716 10.
1470 1679 1650 1714 moderate

967 1728 1168 1772 musiceque
1203 1727 1257 1768 73,
1296 1726 1350 1760 10.
1390 1726 1514 1770 uigore
1550 1725 1648 1759 ualet

970 1774 1023 1815 75,
1048 1774 1080 1808 5.
1105 1773 1240 1817 fraglat
1266 1772 1438 1816 aequitas,
1455 1771 1567 1805 foetet
1583 1770 1650 1804 ini-

968 1819 1099 1864 quitas,
1131 1818 1294 1853 uanitate
1325 1816 1491 1859 tabescit,
1517 1816 1651 1851 uirtute

969 1863 1173 1910 pinguescit
1213 1863 1268 1904 76,
1308 1862 1364 1897 21.
1408 1872 1494 1906 quos
1530 1862 1651 1897 contra

969 1911 1159 1945 ueritatem
1191 1910 1308 1951 uocat,
1339 1918 1458 1942 uocem
1488 1906 1651 1942 ueritatis

969 1955 1121 2000 accipiat
1168 1954 1246 1996 105,
1287 1954 1320 1988 1.
1358 1953 1456 1998 prius
1497 1951 1651 1998 precario

969 2011 1146 2045 poscerem
1182 1999 1259 2041 107,
1297 2000 1351 2034 15.
1404 1998 1518 2032 maius
1567 2007 1651 2042 qua-

969 2047 1109 2082 dratum
1127 2047 1187 2088 sit,
1218 2055 1289 2079 non
1307 2045 1422 2088 magis
1439 2043 1651 2088 quadratum

968 2096 1022 2127 est
1049 2092 1124 2133 112,
1142 2092 1174 2126 9.
1201 2091 1353 2125 docendo
1372 2089 1554 2132 decipiunt
1572 2087 1650 2130 123,

970 2139 1001 2173 7.
1028 2138 1167 2171 deliciis
1193 2140 1229 2171 et
1253 2135 1393 2170 diuitiis
1417 2135 1496 2177 203,
1523 2134 1577 2168 17.

901 2183 1054 2218 adnuere
1090 2181 1336 2227 interpellanti
1360 2181 1414 2221 36,
1447 2181 1500 2214 24.
1534 2179 1565 2213 si
1590 2179 1652 2213 ad-

968 2229 1105 2263 nuisses
1130 2238 1229 2272 posse
1254 2226 1360 2270 (fieri)
1389 2226 1464 2266 108,
1495 2226 1548 2260 15.

900 2275 1096 2319 adpendere
1119 2273 1291 2308 mundum
1318 2272 1392 2314 146,
1422 2271 1454 2306 6.

900 2320 1068 2365 adpetens
1094 2319 1181 2354 caeli
1210 2318 1284 2360 135,
1310 2318 1364 2352 15.

901 2365 1139 2410 adpetitiones
1165 2364 1345 2398 uariarum
1374 2372 1489 2396 rerum
1517 2360 1591 2401 126,
1618 2361 1650 2394 2.

900 2410 1080 2456 adpetitus
1105 2409 1291 2444 rationalis
1318 2407 1372 2450 66,
1398 2407 1428 2441 9.
1445 2418 1476 2441 a.
1500 2406 1652 2451 peregri-

968 2455 1126 2491 nationis
1151 2455 1206 2495 80,
1233 2454 1288 2488 20.
1310 2454 1409 2497 plur.
1435 2463 1496 2496 per
1521 2463 1550 2486 a.
1577 2451 1651 2484 ani-

969 2512 1045 2535 mae
1070 2501 1124 2542 74,
1148 2500 1203 2534 22.

969 2592 1070 2636 plene
1090 2591 1257 2635 plerique
1278 2588 1384 2632 edd).

869 2657 871 2664 ι
902 2636 1096 2681 adplicaret
1118 2634 1376 2680 adplicabimur
1393 2632 1559 2668 scientiae
1579 2630 1652 2666 126.

972 2682 1027 2716 23.

155 2728 344 2773 dignitatis
371 2729 446 2771 128,
475 2730 527 2764 15.
556 2729 760 2763 nobilitatis
778 2728 836 2762 ad·
869 2716 871 2770 ἔ
903 2727 1058 2771 adprime
1084 2725 1326 2770 philosophari
1353 2724 1430 2766 129,
1457 2723 1510 2757 12.
