1884 2998
664 130 725 164 De
750 131 879 164 statu
904 130 1081 164 animae
1104 131 1123 165 I
1148 129 1202 165 22.
1634 133 1690 174 79

180 255 433 299 tenuauerit.
492 256 601 298 unde
650 255 727 297 hoc
776 266 937 308 quoque
981 254 1162 297 multum
1207 257 1361 298 nostris
1407 256 1688 310 adstipulatur

180 324 423 375 rationibus,
465 323 574 377 quod
613 323 771 376 liquido
813 322 942 364 claret
982 323 1210 365 secundum
1245 323 1364 366 illam
1394 324 1542 374 uitam,
1583 336 1688 378 quae

180 392 296 434 nobis
338 404 431 435 cum
471 390 699 446 pecudibus
730 391 806 438 est,
845 390 1024 432 hominis
1056 391 1239 433 animam
1271 403 1389 434 exeso
1420 395 1542 446 atque
1573 394 1688 436 arido

155 473 305 515 'quam
336 464 455 516 pasto
486 475 533 504 ac
563 462 803 504 succulento
834 472 1000 514 corpore
1031 461 1167 516 magis
1200 463 1369 510 onerari.
1411 463 1518 516 quod
1550 474 1595 504 eo
1625 461 1686 512 fit,

148 532 276 583 ⁵quia
315 531 472 572 fessum
513 541 657 583 corpus
700 541 782 570 non
822 529 884 570 ita
913 529 1028 571 ualet
1059 530 1190 571 animi
1221 529 1392 572 nutibus
1423 531 1539 573 facili
1569 532 1686 573 motu

180 599 336 641 seruire
376 600 418 641 et
461 609 634 640 onerosa
682 597 748 638 illi
779 598 843 639 est
873 611 954 639 non
984 597 1176 650 ponderis
1207 598 1406 652 grauitas,
1438 600 1509 641 sed
1538 600 1686 654 agendi

180 667 419 709 difficultas
473 679 520 709 ac
559 667 730 720 perinde
761 666 796 707 si
837 665 1068 708 belluinam
1105 667 1250 717 uitam,
1285 680 1409 720 quam
1439 667 1558 709 nobis
1590 668 1687 709 istic

180 736 314 777 inesse
353 734 625 777 manifestum
666 736 741 782 est,
775 735 1020 787 cogitamus,
1054 746 1199 787 corpus
1231 735 1343 777 istud
1373 747 1453 777 non
1484 736 1686 789 adgrauat

181 804 384 845 animam:
423 803 458 845 si
494 815 589 845 uero
638 803 758 844 illam
808 815 910 856 quae
955 815 1049 844 cum
1090 803 1251 857 angelis
1297 803 1377 845 erit
1422 804 1685 857 adspicimus,

133 889 167 914 ιο
180 872 383 927 adgrauat
414 871 596 913 animam
629 873 866 924 occupando
898 883 990 913 eam
1021 873 1144 925 atque
1169 872 1387 915 inliciendo
1409 874 1478 914 uel
1498 885 1686 915 necessa-

178 942 250 983 riis
290 941 359 983 uel
398 939 658 993 uoluptuosis
699 939 912 993 defigendo
954 941 1127 982 eandem
1158 941 1201 982 in
1238 941 1415 995 pulchra
1445 953 1614 996 corpora
1645 945 1686 983 et

178 1022 201 1051 a
231 1009 577 1063 contemplatione
601 1021 786 1051 summae
807 1008 1130 1061 pulchritudinis
1154 1010 1407 1052 abducendo.
1453 1011 1567 1052 istud
1590 1022 1686 1065 ergo

178 1079 285 1133 quod
326 1078 394 1119 uel
437 1079 522 1119 esui
566 1078 639 1119 aut
679 1079 795 1131 potui
832 1079 1058 1119 necessario
1089 1078 1131 1119 in
1164 1079 1343 1120 salutem
1374 1079 1551 1132 corporis
1583 1091 1685 1132 opus

181 1147 279 1202 (est,
312 1147 347 1188 si
378 1146 471 1200 plus
503 1159 627 1200 quam
660 1145 784 1201 opus>
819 1146 1069 1200 inpenditur,
1102 1147 1169 1188 uel
1197 1147 1401 1200 superflue
1422 1148 1685 1201 uoluptatum

132 1216 299 1270 15nugis
341 1216 505 1258 animus
547 1216 767 1268 occupatur
809 1216 875 1257 uel
916 1216 1050 1269 plagis
1092 1227 1139 1257 ac
1180 1216 1389 1258 doloribus
1428 1229 1501 1269 per
1541 1228 1686 1270 corpus

177 1284 404 1338 adfligitur,
436 1284 658 1338 adgrauari
688 1283 861 1325 eandem
893 1286 932 1325 et
958 1296 1031 1337 pro
1062 1284 1334 1325 multitudine
1364 1296 1412 1325 ac
1438 1284 1685 1326 difficultate

178 1352 354 1395 actionis
385 1352 545 1393 onerari
576 1353 835 1406 perspicuum
870 1354 947 1395 est.
998 1354 1041 1394 et
1064 1352 1164 1394 haec
1194 1355 1256 1394 est
1286 1352 1363 1394 illa
1391 1353 1682 1407 peregrinatio,

176 1424 224 1464 de
267 1434 348 1474 qua
388 1421 491 1462 dicit
534 1421 766 1473 apostolus:
810 1433 919 1462 cum
964 1433 1140 1462 sumus
1181 1421 1233 1462 in
1264 1433 1506 1475 corpore,
1538 1434 1682 1475 pere-

177 1491 450 1545 grinamur
480 1502 504 1530 a
534 1491 757 1532 domino.
809 1501 904 1531 cum
945 1502 1042 1531 uero
1075 1490 1125 1531 ad
1155 1489 1275 1531 illam
1307 1490 1487 1543 corporis
1517 1502 1684 1543 permu-

128 1578 163 1603 20
176 1559 377 1601 tationem
408 1558 646 1613 peruenerit
677 1559 747 1611 qui
779 1558 992 1609 meruerit,
1025 1558 1074 1599 de
1106 1571 1186 1611 qua
1215 1558 1325 1600 idem
1357 1558 1481 1601 dicit:
1514 1571 1685 1600 omnes

176 1639 528 1681 resurgemus,
572 1626 659 1668 sed
699 1638 796 1667 non
837 1638 1011 1668 omnes
1052 1626 1451 1678 inmutabimur,
1493 1640 1574 1670 non
1611 1627 1682 1670 ob-

176 1695 312 1737 uiabit
341 1699 443 1737 tunc
473 1695 644 1737 nutibus
678 1695 841 1737 animae
874 1707 1019 1749 corpus
1051 1695 1231 1737 animale
1257 1696 1365 1748 quod
1385 1707 1467 1737 non
1488 1695 1580 1747 erit,
1613 1697 1682 1738 sed

174 1777 246 1817 per
286 1764 427 1806 omnia
466 1764 620 1806 seruiet
662 1764 850 1818 spiritale
891 1776 1035 1817 corpus
1077 1764 1186 1818 quod
1226 1765 1316 1807 erit.
1367 1765 1440 1806 sed
1470 1777 1543 1806 nec
1573 1765 1680 1806 illud

174 1833 389 1887 quippiam
430 1833 693 1887 concupiscet
733 1833 966 1887 indignum,
1007 1845 1081 1875 nec
1120 1833 1220 1875 haec
1261 1833 1418 1887 aliquid
1459 1833 1684 1887 imperabit

310 1955 356 1991 20
387 1956 406 1991 Ι
431 1955 510 1991 Cor.
539 1956 594 1997 15,
618 1956 662 1991 51

244 2071 263 2104 1
301 2071 511 2104 tenuauerat
546 2070 647 2112 BF1,
695 2070 860 2104 tenuerat
897 2069 995 2111 Sela,
1043 2070 1240 2104 tentauerit
1270 2072 1316 2114 10²
1454 2070 1685 2105 astimulatur

177 2127 222 2168 Ο,
263 2127 501 2171 asstipulatur
528 2127 559 2162 S
674 2127 697 2161 4
722 2127 907 2162 suculento
933 2126 1064 2170 DF82,
1105 2127 1316 2162 succulendo
1341 2127 1538 2170 ABGHL,
1581 2139 1682 2163 sucu-

173 2206 277 2241 lendo
310 2205 387 2242 RS¹
530 2207 550 2241 7
581 2208 653 2241 ista
684 2204 845 2249 ABEF,
884 2184 938 2242 itta
966 2207 1005 2242 D
1143 2208 1164 2242 9
1195 2208 1589 2252 animam—adgrauat
1615 2218 1682 2244 om.

174 2285 234 2320 Μι
374 2296 455 2320 uero
488 2297 555 2321 om.
588 2286 674 2321 libri
698 2290 851 2331 praeter
882 2287 943 2321 Μ2
1086 2287 1131 2321 10
1163 2264 1330 2321 illicendo
1364 2286 1395 2321 S
1527 2287 1681 2322 inneces-

174 2343 279 2377 sariis
312 2343 494 2378 Barthius
635 2344 677 2379 11
710 2354 877 2388 corporea
908 2344 995 2378 libri
1022 2348 1176 2388 praeter
1213 2344 1294 2378 GM
1300 2344 1319 2378 b
1352 2347 1385 2378 et
1410 2343 1591 2378 Schottum

176 2400 218 2434 12
244 2400 327 2434 stud
352 2400 476 2442 HLR,
515 2400 585 2434 isto
611 2400 768 2435 editores
895 2401 937 2436 13
961 2401 1059 2446 opus]
1085 2401 1165 2446 plus
1191 2401 1381 2440 Barthius.
1421 2401 1451 2434 si
1476 2401 1679 2444 opulentius

175 2461 207 2491 et
232 2457 468 2491 necessarium
493 2457 584 2491 coni.
611 2458 826 2499 Hartezius‚
858 2458 921 2492 sed
944 2458 1060 2503 mayis
1084 2458 1243 2502 speciosa
1267 2458 1385 2491 altera
1410 2456 1576 2492 Hartelii
1599 2468 1681 2493 con-

173 2514 329 2548 iectura:
363 2525 448 2559 opus
475 2513 562 2560 (est,
597 2514 628 2548 si
661 2515 741 2558 plus
773 2525 880 2559 quam
913 2514 1020 2561 opus)
1045 2516 1248 2556 scribenti83
1284 2514 1398 2549 uerba
1428 2516 1631 2559 est—opus
1657 2525 1680 2548 a

174 2571 275 2606 libris
311 2571 440 2606 absume
580 2572 624 2606 16
661 2582 857 2616 aggrauare
894 2571 972 2606 Βοὴ.
1111 2571 1255 2606 eandem
1291 2571 1364 2605 Mb
1381 2570 1484 2613 Sela,
1532 2571 1681 2606 eundem

173 2627 252 2662 rell.
414 2628 458 2662 17
495 2627 658 2663 honerari
694 2628 752 2669 D,
799 2638 944 2662 onerare
982 2627 1060 2663 Sch.
1220 2627 1264 2661 21
1302 2628 1519 2670 resurgimus
1554 2628 1591 2663 R

173 2682 338 2718 obuiauit
372 2684 464 2719 GH¹
604 2685 649 2719 24
681 2684 902 2729 concupiscit
931 2684 1264 2720 BGEFGHLRS
1396 2684 1586 2729 imperauit
1610 2685 1682 2720 BC

174 2739 384 2774 EFGH¹R
