1884 2998
1567 164 1645 194 xm

149 269 419 311 referrentur:
454 269 519 321 15,
552 270 578 311 9
609 269 682 322 qui
712 281 847 311 secum
877 270 1046 312 tertiam
1064 274 1228 323 partem
1249 273 1467 316 stellarum
1489 288 1538 316 ex
1560 276 1644 317 alto

145 337 420 390 proturbatus
450 337 661 379 abstraoeit
691 337 1001 390 (proturbatam
1033 340 1226 382 Mamerti
1247 340 1379 396 libri),
1413 342 1479 398 74,
1515 345 1563 386 11
1597 358 1647 386 eoe

150 403 216 446 his
264 404 508 458 indefessim
555 405 977 459 multiplicandorum
1025 408 1188 448 semina
1239 409 1498 462 (indefessim
1537 412 1650 454 recte

157 472 365 524 Barthius,
414 473 465 515 cf.
503 473 573 527 43,
607 474 675 515 23.
707 474 775 525 45,
810 474 848 524 7,
888 474 1108 528 indefessis
1147 476 1276 530 libri),
1323 478 1390 528 93,
1427 480 1477 520 15
1517 480 1645 521 eidem

153 540 319 593 infinito
349 553 508 594 semper
538 541 740 594 aequalia
772 542 895 596 (corr.
921 542 1045 585 editio
1068 544 1213 595 Paris„
1246 544 1382 586 eodem
1403 545 1531 599 libri).
1565 549 1644 590 ita-

150 622 227 663 que
272 609 424 651 rectius
462 621 529 651 me
573 609 782 662 scripsisse
830 608 896 663 60,
930 610 956 651 3
994 610 1043 651 in
1078 611 1144 652 dei
1183 624 1279 653 uero
1320 613 1417 666 ipsa
1457 614 1647 657 trinitate

150 677 242 732 (deo
262 677 376 731 libri)
411 679 657 731 putauerim‚
690 690 813 731 quam
844 678 1080 721 Hartelium
1112 680 1161 720 in
1182 680 1253 722 deo
1282 694 1381 722 uero
1401 681 1486 737 (i)
1510 682 1581 736 (=
1602 683 1647 724 id

148 744 223 802 est)
270 745 367 798 ipsa
412 746 617 801 trinitate,
664 758 767 799 quae
813 747 1054 798 coniectura,
1104 750 1209 802 quod
1255 749 1306 791 ad
1350 762 1436 791 rem
1483 751 1647 803 palaeo-

150 815 386 869 graphicam
409 815 571 866 attinet,
604 814 916 868 elegantissima
938 818 1010 866 est,
1042 818 1111 858 sed
1133 828 1255 858 sensu
1278 817 1415 859 minus
1438 830 1646 860 commen-

149 885 284 926 datur.
325 885 538 937 praeterea
559 883 610 926 cf.
636 883 730 937 130,
755 884 777 925 7
809 884 934 924 miris
954 885 1147 925 aeternae
1169 885 1276 926 artis
1295 886 1428 928 modis
1454 886 1649 939 (aeternis

148 952 259 1006 libri,
292 964 394 994 corr.
417 950 587 1003 Engq)
615 953 656 993 et
680 951 771 1002 174,
796 951 851 993 24
871 965 975 1004 quae
992 951 1242 1004 pulmonum
1272 967 1392 1009 caua,
1425 968 1530 1006 quae
1560 957 1646 996 tor-

149 1023 293 1062 tuosae
323 1019 555 1061 baulorum
575 1053 584 1062 .
603 1052 612 1063 .
631 1019 908 1071 ,inflexiones
941 1021 1060 1074 (corr.
1094 1020 1277 1074 DEFG,
1308 1024 1492 1064 tortuosa
1521 1024 1646 1076 rell).

205 1089 255 1131 V.
303 1088 564 1141 Compendiis
611 1101 732 1130 usum
779 1101 867 1131 esse
912 1089 1125 1143 archetypi
1170 1090 1390 1132 librarium
1437 1104 1483 1132 ex
1525 1091 1647 1133 certis

149 1158 392 1211 quibusdam
427 1158 583 1199 mendis
616 1158 822 1200 codicibus
855 1158 1044 1200 omnibus
1075 1159 1142 1200 uel
1164 1158 1333 1211 optimis
1365 1160 1647 1202 communibus

148 1226 423 1280 intellegitur,
456 1237 559 1279 quae
581 1238 627 1267 ex
651 1226 942 1279 compendiosa
973 1226 1184 1280 archetypi
1216 1228 1419 1279 scriptura
1448 1227 1646 1269 facillime

148 1294 422 1348 explicantur:
461 1295 524 1347 19,
560 1296 609 1336 18
642 1291 941 1349 eonyressione]
975 1295 1203 1348 conyressio
1234 1295 1332 1336 libri
1365 1296 1431 1349 (de
1461 1296 1645 1337 nomina-

147 1363 235 1405 tiuo
276 1364 386 1405 enim
424 1363 615 1404 absoluto
648 1363 742 1404 nolo
774 1363 968 1416 cogitare,
1009 1375 1102 1404 cum
1134 1362 1269 1404 simile
1303 1364 1535 1416 exemplum
1567 1375 1646 1405 non

149 1432 376 1485 reperiatur
407 1433 515 1485 apud
545 1430 855 1484 Claudianum),
887 1431 953 1483 25,
986 1432 1011 1473 9
1042 1429 1204 1487 tertius]
1239 1431 1365 1472 tritus
1394 1432 1492 1473 libri
1525 1432 1643 1486 (corr.

150 1499 398 1552 Hartelius),
444 1499 513 1549 48,
554 1500 578 1541 8
616 1499 686 1540 sin
724 1502 770 1540 id
809 1501 867 1540 est
905 1499 955 1552 et]
997 1499 1036 1540 si
1074 1501 1193 1540 nutes
1236 1501 1352 1552 (corr.
1385 1499 1475 1552 A⁹)‚
1522 1500 1588 1554 76,
1620 1500 1647 1541 4

148 1566 364 1625 dissidere]
398 1567 665 1609 dissidentem
690 1569 810 1621 (corr.
834 1568 1044 1621 Barthius)
1065 1568 1114 1621 ¹),
1149 1568 1241 1621 103,
1269 1569 1294 1609 2
1325 1568 1441 1622 quia]
1476 1582 1559 1620 qna
1581 1569 1647 1610 uel

147 1651 223 1691 que
243 1639 311 1679 uel
333 1636 406 1689 qni
437 1635 558 1691 (corr.
582 1634 714 1689 EQ),
749 1637 841 1686 141,
868 1636 919 1677 12
949 1635 1120 1690 uiderit]
1155 1635 1337 1677 uiderim
1366 1637 1431 1678 uel
1462 1636 1647 1679 uiderem

149 1707 267 1760 (corr.
290 1705 443 1756 DEF),
478 1704 573 1758 141,
600 1705 651 1745 16
682 1703 773 1757 aut]
809 1706 866 1755 at,
898 1717 947 1745 ac
978 1704 1045 1746 uel
1076 1704 1132 1746 ad
1166 1706 1284 1756 (corr.
1307 1704 1461 1760 DEF),
1498 1705 1588 1757 165,
1621 1705 1647 1746 5

147 1774 340 1828 differat]
360 1774 501 1826 differt
522 1775 640 1826 (corr.
660 1772 883 1827 Galland.),
911 1773 1002 1823 187,
1025 1773 1078 1814 10
1097 1773 1219 1826 quod]
1243 1782 1347 1825 quae
1369 1776 1483 1823 (corr.
1501 1773 1644 1815 Schot-

149 1844 247 1896 tus).
280 1855 383 1896 quae
405 1855 498 1883 cum
519 1841 580 1883 ita
601 1842 697 1895 sint,
721 1842 846 1883 etiam
878 1842 944 1892 69,
977 1841 1033 1883 20
1058 1840 1200 1893 flauas
1231 1845 1287 1883 est
1318 1841 1402 1890 ille,
1436 1842 1646 1884 coloratus

149 1914 217 1963 est,
242 1911 381 1965 pallet
410 1910 482 1952 ille
511 1911 579 1953 uel
609 1911 730 1964 niyer
759 1913 833 1960 est,
875 1911 981 1964 quod
1020 1910 1172 1953 conieci
1203 1910 1408 1951 coloratus
1447 1910 1646 1952 facillime

150 1993 196 2022 ex
228 1980 427 2022 librorum
458 1980 665 2033 scriptura
696 1980 899 2030 oculatus,
933 1991 1036 2032 quae
1059 1979 1225 2020 omnino
1258 1978 1358 2019 ferri
1391 1979 1544 2032 nequit,
1578 1991 1644 2020 ex—

147 2048 368 2102 piscamur,
415 2049 451 2090 si
496 2049 709 2102 utriusque
757 2049 868 2090 uocis
914 2048 1155 2101 compendia
1201 2046 1365 2088 oebatns
1404 2050 1445 2089 et
1485 2047 1646 2089 eolatus

148 2118 396 2172 quantulum
437 2117 630 2159 differant
667 2119 920 2171 reputamus.
970 2128 1114 2158 uocem
1145 2115 1284 2157 autem
1316 2115 1527 2169 oculatus,
1568 2127 1645 2168 qua

150 2185 402 2228 Claudianus
426 2187 553 2228 etiam
574 2186 641 2237 43,
669 2186 733 2228 18.
767 2185 861 2235 174,
886 2185 909 2227 7
931 2185 1077 2236 utitur,
1110 2185 1174 2226 hic
1204 2196 1276 2226 suo
1308 2185 1396 2225 iure
1418 2183 1644 2226 adhibitam

150 2268 235 2296 esse
265 2255 562 2306 contenderim,
592 2256 713 2297 modo
744 2254 841 2308 quid
867 2253 1070 2308 significet
1097 2252 1239 2304 flauas
1270 2255 1380 2294 recte
1411 2252 1641 2306 intellegas.

148 2336 244 2365 nam
275 2335 365 2365 cum
400 2324 449 2365 de
471 2323 674 2376 qualitate
697 2323 875 2376 corporis
902 2321 1119 2363 indicanda
1140 2321 1250 2363 dicat
1272 2319 1532 2370 Claudianus,
1565 2331 1643 2361 non

149 2392 198 2433 de
229 2391 414 2433 crinibus
447 2392 684 2446 accipienda
714 2393 777 2434 est
808 2404 884 2434 uox
911 2390 1066 2443 flauas,
1099 2391 1169 2431 sed
1189 2392 1236 2432 de
1258 2390 1339 2430 oris
1372 2389 1517 2430 colore.
1550 2389 1643 2442 apte

288 2530 313 2573 ¹)
346 2529 578 2564 dissidentem
608 2540 677 2563 non
710 2529 959 2573 corrigeremus
992 2530 1027 2562 et
1059 2527 1226 2562 adiectiui
1258 2525 1466 2570 (participii)
1496 2524 1642 2558 formam

147 2586 378 2620 masculinam
415 2587 459 2621 ad
490 2587 640 2621 subiecti
665 2587 905 2621 accusatiuum
938 2584 1156 2619 substantiui
1187 2593 1264 2627 gen.
1295 2585 1408 2616 neutr.
1440 2581 1562 2615 referri
1586 2580 1644 2621 (cf.

147 2643 368 2688 Petschenig,
405 2644 462 2678 die
497 2643 822 2687 handschriftliehe
865 2642 1156 2685 Ueberlieferuny
1191 2639 1252 2674 des
1294 2639 1414 2674 Victor
1448 2647 1518 2672 von
1558 2635 1643 2670 Vita

148 2699 484 2745 [Sitzumysberichte
509 2700 572 2735 der
596 2700 683 2735 kais.
711 2699 907 2734 Akademie
931 2698 997 2733 der
1022 2695 1329 2737 Wissenschaften
1354 2695 1393 2728 in
1415 2694 1533 2733 Wien,
1552 2692 1642 2736 phil.

145 2756 226 2791 hist.
257 2757 379 2792 Classe
404 2761 484 2792 tom.
511 2757 551 2791 X
559 2757 664 2800 CVI]
691 2757 772 2800 677)
799 2758 1041 2796 statueremus,
1069 2754 1136 2787 nisi
1161 2757 1306 2796 torpens
1330 2749 1560 2785 antecederet.
