1884 2998
253 159 386 189 XXXII

253 272 346 313 add.
385 270 452 321 ΕΩ,
502 271 594 321 119,
628 271 654 313 9
684 271 921 327 trifarium]
962 271 1195 324 trifariam,
1243 271 1337 323 119,
1373 272 1425 314 19
1463 273 1531 314 sui
1561 274 1654 317 add.
1685 273 1751 326 E2,

255 341 349 393 120,
382 340 434 381 16
470 338 748 397 inmortalem]
780 340 1139 382 inmortalitatem.

309 429 570 484 Optimorum
602 431 789 473 codicum
822 443 968 485 agmen
991 431 1146 473 claudit
1177 430 1223 485 C,
1256 432 1323 485 qui
1347 431 1459 474 solus
1481 444 1574 474 cum
1605 431 1649 474 M
1678 432 1752 476 has

250 499 451 554 genuinas
492 499 656 542 exhibet
696 500 916 541 lectiones:
966 499 1032 551 33,
1068 501 1113 541 11
1157 499 1340 554 yloriam
1381 503 1490 551 (cum
1519 500 1569 551 R,
1613 499 1751 554 yloria

251 568 372 619 rell.),
412 566 480 618 53,
512 569 538 611 5
569 580 784 621 corporeos
818 569 926 621 (cum
959 567 1155 618 D2E⁹F2,
1186 581 1480 621 concorporeos
1510 569 1638 622 rell.),
1679 569 1752 625 56,

253 636 306 678 15
343 635 494 689 forsan
529 635 729 690 (forsitan
759 636 880 690 rell.),
929 637 996 685 75,
1031 636 1079 678 11
1114 639 1152 677 et
1183 637 1275 690 (nec
1305 636 1429 686 ΓΘ11.),
1476 637 1544 688 82,
1580 638 1630 679 17
1661 636 1753 680 loca

255 705 356 756 (loco
387 704 455 746 uel
486 704 592 746 locos
619 706 695 747 etc.
727 706 853 758 rell.),
885 705 952 756 86,
980 705 1031 747 12
1061 708 1118 747 est
1153 707 1248 759 (om.
1280 706 1403 760 rell.),
1439 706 1533 757 124,
1557 706 1608 748 17
1639 707 1752 749 idem

252 773 364 823 (item
403 773 531 828 rell.),
584 774 677 825 188,
716 775 767 816 18
812 774 1005 827 aliasque
1048 774 1256 828 (aliusque
1293 776 1361 816 uel
1399 774 1585 828 aliosque
1624 775 1749 828 ΓΘ11.),

250 842 399 884 falsam
427 854 520 883 cum
540 842 583 884 M
613 844 860 896 scripturam
883 842 912 885 C
943 843 1132 896 praebet:
1163 843 1232 894 20,
1263 843 1291 885 5
1319 842 1578 897 felicitatem]
1611 842 1750 895 felici-

250 913 345 961 tate,
376 909 446 962 20,
469 911 495 952 6
518 909 757 967 credendae]
781 911 989 961 credendi,
1030 911 1097 962 30,
1120 912 1146 954 9
1168 911 1432 965 obserauerit]
1455 910 1748 961 obseruauerit,

251 979 318 1027 37,
354 979 405 1021 18
427 980 649 1034 perceptu]
676 983 886 1033 precepta,
919 981 986 1032 38,
1018 981 1045 1023 3
1068 981 1229 1035 potens]
1257 982 1405 1035 potest,
1446 979 1515 1030 54,
1549 981 1601 1022 15
1631 980 1748 1033 sunt]

249 1049 355 1096 sint,
397 1047 464 1100 93,
503 1048 555 1089 21
596 1047 829 1102 ordiamur]
869 1048 1119 1090 ordinamus
1153 1050 1263 1102 (cum
1293 1048 1386 1102 L¹),
1435 1049 1528 1098 132,
1562 1048 1614 1089 17
1646 1060 1745 1089 con-

242 1127 559 1183 parationibus]
595 1117 907 1180 conparatione.

305 1219 478 1262 Rectam
500 1232 593 1262 cum
625 1219 659 1261 G
689 1220 911 1263 lectionem
934 1220 964 1263 C
995 1221 1143 1263 habet:
1169 1220 1237 1276 50,
1260 1222 1286 1264 3
1307 1221 1508 1263 uiderant
1530 1221 1747 1273 (uiderunt

249 1289 372 1342 rell.),
423 1289 517 1342 136,
550 1288 606 1331 20
639 1288 889 1330 rabularum
925 1288 1189 1342 (fabularum
1218 1289 1341 1345 rell.),
1390 1289 1484 1341 187,
1517 1289 1568 1331 21
1601 1291 1649 1330 ut
1678 1288 1748 1330 in-

251 1356 506 1398 laboriosum
537 1358 586 1410 G,
619 1359 659 1399 et
686 1356 991 1399 inlaboriosum
1022 1357 1052 1400 C
1088 1359 1152 1412 (ut
1181 1356 1436 1399 laboriosum
1457 1358 1570 1411 rell.;
1602 1369 1747 1410 quam-

249 1438 374 1479 quam
403 1428 452 1468 de
484 1426 561 1468 hoc
591 1426 675 1468 loco
708 1426 888 1468 dubitari
918 1428 1085 1480 potest).
1128 1426 1298 1468 eandem
1320 1427 1467 1468 falsam
1499 1427 1747 1480 scripturam

249 1495 418 1547 uterque
449 1495 575 1536 codex
605 1495 751 1537 habet:
783 1494 851 1546 24,
886 1495 940 1537 15
970 1493 1112 1550 opelli]
1147 1495 1288 1548 opelle,
1321 1496 1388 1547 32,
1420 1495 1472 1536 21
1506 1492 1567 1551 ut]
1594 1497 1642 1545 et,
1674 1495 1744 1549 52,

251 1565 271 1604 1
295 1563 441 1619 quisi]
464 1563 602 1617 quasi,
625 1564 693 1614 68,
718 1564 770 1605 19
791 1562 968 1618 homini]
991 1562 1242 1618 hominibus,
1276 1563 1342 1618 75,
1368 1563 1419 1605 18
1443 1562 1743 1618 contuentium]

247 1632 526 1688 effluentium,
561 1632 655 1686 111,
687 1630 742 1673 20
771 1632 845 1674 hoe
865 1645 959 1684 om.,
993 1632 1088 1687 136,
1121 1633 1173 1674 13
1197 1630 1469 1689 praeeliyere]
1494 1631 1747 1687 praeleyere,

250 1700 343 1752 138,
378 1703 398 1742 1
427 1699 742 1758 praeeleyerim]
765 1701 1060 1756 praeleyerem,
1094 1702 1188 1757 178,
1220 1701 1276 1743 24
1306 1698 1470 1756 etenim]
1493 1700 1619 1755 enim,
1654 1700 1747 1755 187,

249 1769 300 1811 17
330 1768 380 1811 in
409 1782 487 1811 om.

305 1862 482 1915 Magnus
513 1862 653 1903 autem
684 1873 826 1904 eorum
856 1862 1038 1904 locorum
1070 1873 1266 1903 numerus
1298 1862 1374 1911 est,
1408 1862 1554 1915 quibus
1585 1861 1628 1902 in
1650 1873 1744 1903 con-

248 1930 458 1972 seruandis
497 1930 687 1985 genuinis
724 1930 974 1972 lectionibus
1006 1942 1146 1972 omnes
1179 1942 1279 1985 quos
1311 1930 1446 1972 adhuc
1476 1930 1746 1972 tractauimus

249 1999 405 2041 codices
448 2000 732 2041 consentiunt:
778 2000 1057 2053 reputandum
1099 2001 1238 2041 autem
1280 2000 1342 2041 est
1383 1999 1566 2041 codicem
1596 1998 1629 2038 E
1664 2010 1746 2040 non

249 2067 439 2110 omnibus
485 2068 633 2122 quibus
680 2069 855 2111 debebat
899 2070 1000 2111 locis
1032 2082 1079 2110 ex
1109 2068 1215 2111 bono
1262 2068 1334 2109 illo
1379 2068 1483 2110 libro
1515 2068 1746 2109 correctum

248 2149 348 2190 esse,
386 2139 492 2190 quod
522 2136 559 2179 si
589 2136 749 2179 factum
779 2138 899 2188 esset,
931 2137 1180 2190 ubicumque
1212 2135 1344 2179 OGM
1383 2137 1553 2178 eandem
1593 2136 1746 2177 habent

247 2205 476 2257 lectionem,
519 2218 611 2248 cum
651 2205 704 2247 iis
744 2206 872 2247 etiam
904 2205 956 2247 ΕΩ
995 2205 1124 2247 fuisse
1156 2205 1488 2258 conspiraturum
1529 2216 1602 2257 pro
1635 2205 1745 2246 certo

247 2273 390 2316 habeo.
442 2286 490 2316 ac
528 2273 661 2318 OGM
701 2278 813 2316 recte
853 2275 1064 2316 exhibent:
1116 2275 1170 2330 [9,
1204 2276 1228 2317 8
1259 2277 1297 2315 et
1327 2286 1421 2324 om„
1463 2274 1502 2322 9,
1540 2273 1589 2314 13
1622 2272 1744 2314 aesti-

247 2341 442 2399 mandus]
475 2343 744 2385 eoetimandus
774 2344 840 2395 M,
886 2344 1197 2386 existimandus
1229 2343 1259 2385 C
1289 2341 1507 2394 (dicendus
1537 2341 1656 2394 rell.),
1703 2342 1743 2393 9,

250 2412 302 2452 13
344 2410 492 2466 <haeo>
526 2413 621 2465 (om.
667 2413 792 2467 rell.),
845 2413 909 2463 10,
947 2413 1000 2454 12
1045 2412 1171 2454 obicis
1217 2411 1408 2466 (opponis
1452 2410 1578 2452 obicis
1622 2410 1743 2461 rell.),

248 2481 315 2535 11,
350 2483 371 2522 1
403 2482 530 2523 etiam
554 2484 609 2536 (et
627 2482 754 2537 rell.),
791 2482 855 2529 12,
889 2482 944 2523 22
973 2482 1089 2523 uitae
1112 2482 1265 2535 (uitam
1285 2480 1408 2534 rell.),
1443 2480 1509 2530 17,
1544 2479 1596 2520 16
1627 2492 1744 2520 coae-

246 2552 389 2590 ternus
419 2550 484 2601 M,
531 2553 805 2602 quoaeternus
835 2550 865 2592 O
898 2551 1020 2604 (quia
1050 2553 1244 2592 aeternus
1273 2550 1399 2603 rell.),
1447 2548 1512 2602 17,
1547 2548 1598 2589 16
1628 2546 1745 2600 filius

241 2619 363 2670 patri
394 2619 535 2672 (patri
563 2619 682 2672 filius
712 2620 838 2674 rell.).
872 2643 925 2650 —
956 2620 999 2660 hi
1040 2620 1119 2662 loci
1150 2632 1242 2661 cum
1283 2619 1368 2660 sint
1409 2630 1454 2659 ex
1484 2616 1627 2658 Fausti
1659 2616 1744 2670 epi-

248 2687 359 2728 stula
399 2688 646 2741 deprompti,
693 2689 735 2729 in
768 2687 804 2729 G
836 2699 917 2729 non
956 2689 1139 2730 exstant:
1186 2688 1257 2742 qui
1295 2688 1330 2729 si
1371 2687 1589 2735 exstarent,
1635 2687 1744 2726 certe

249 2758 388 2797 eodem
418 2756 563 2810 modo,
594 2768 672 2809 quo
703 2757 746 2797 in
779 2756 886 2811 OM,
921 2756 1064 2799 traditi
1095 2755 1245 2813 essent]
1256 2789 1268 2811 ,
1318 2755 1383 2809 19,
1413 2754 1440 2796 4
1471 2767 1599 2806 quam
1634 2755 1744 2806 (cum
