1884 2998
266 113 349 156 104
778 110 1022 147 Claudiani
1046 110 1255 146 Mamerti

267 238 453 291 iusteque
483 237 636 279 maluit
663 238 834 290 propter
855 235 1175 278 similitudinem
1195 235 1388 278 creatoris
1410 235 1635 278 sublimare
1657 249 1768 279 orea—

266 309 416 358 tumm,
464 317 588 359 quam
623 307 789 359 propter
827 303 996 347 eandem
1036 304 1357 346 similitudinem
1394 303 1614 347 humiliare
1653 318 1767 348 orea-

266 378 398 417 torem
428 374 541 417 certo
573 385 819 428 cognoscens
851 372 1198 416 indissolubiliter
1228 385 1390 424 nexum,
1416 373 1465 414 ut
1502 373 1582 415 duo
1614 373 1770 416 similia

269 446 340 485 aut
371 443 547 496 utraque
582 444 823 497 incorporea
844 443 928 484 sint
950 445 1022 484 aut
1044 443 1218 496 utraque
1241 453 1443 496 corporea.
1491 454 1577 484 esse
1608 454 1767 496 quoque

266 512 309 553 in
348 512 469 555 rebus
508 510 785 553 substantiuis
826 512 1026 564 quaedam
1063 523 1145 552 non
1184 510 1319 553 solum
1357 509 1494 564 speeie
1532 510 1766 564 dissimilia,
1797 530 1814 556 5

266 580 336 623 sed
367 579 495 622 etiam
523 579 710 622 naturali
749 578 891 632 uigore
929 579 1150 631 contraria,
1182 582 1228 621 ut
1259 590 1365 633 aqua
1395 579 1464 620 uel
1492 578 1662 621 flamma
1692 581 1767 631 est,

266 650 307 691 et
335 649 436 691 haec
480 649 623 691 tamen
652 660 741 690 esse
780 659 974 701 corporea
1010 650 1136 702 atque
1168 648 1264 698 hine
1304 647 1458 689 mirum
1489 647 1587 699 fore,
1625 649 1658 690 si
1689 647 1768 689 duo

266 716 485 760 dissimilia
515 717 740 770 eademque
773 717 994 768 contraria,
1026 718 1074 759 ut
1105 718 1168 759 est
1199 729 1304 771 aqua
1333 717 1401 759 uel
1421 716 1604 766 flamma,
1627 728 1768 770 corpo-

198 819 201 822 *
267 798 338 828 rea
367 785 493 828 simul
523 797 608 827 esse
637 785 799 839 possint
831 786 874 827 et
917 785 996 827 duo
1028 785 1184 827 similia
1214 786 1438 839 eademque
1470 784 1767 836 conuenientia,

270 855 377 909 quod
416 856 478 896 est
516 856 616 896 deus
655 856 697 895 et
737 854 892 906 anima,
936 854 1176 908 incorporea
1212 854 1340 896 simul
1370 866 1456 896 esse
1487 866 1567 896 non
1598 854 1817 907 possint010

975 1035 1060 1089 111.

271 1161 571 1193 PHILOSOPHIS
611 1161 801 1193 GRAECIS
842 1162 1012 1192 VTITVR
1048 1161 1260 1192 TESTIBVS
1300 1162 1360 1191 DE
1402 1160 1650 1192 CORPOREIS
1684 1161 1773 1191 VEL

270 1230 571 1262 INCORPOREIS
615 1231 869 1261 EXEMPLVM
918 1230 1090 1261 CAMELI
1127 1231 1185 1260 ΕΤ
1222 1230 1249 1259 F
1254 1229 1457 1261 ORMICAE
1492 1229 1772 1261 PROPONENS.

329 1322 464 1364 Huius
495 1322 607 1365 modi
628 1323 757 1377 igitur
778 1322 1010 1364 rationibus
1043 1322 1252 1363 utentium
1286 1321 1622 1375 philosophorum
1644 1321 1776 1374 quoad

271 1390 388 1444 potui
428 1390 709 1433 uoluminibus
746 1390 983 1444 perdagatis
1022 1389 1271 1445 ignobilium
1317 1389 1438 1443 plebe
1482 1389 1637 1431 reiecta
1667 1389 1774 1443 poti·
1788 1408 1821 1434 15

274 1471 362 1501 ores
384 1471 564 1514 quosque
581 1459 728 1513 delegi,
751 1460 822 1513 qui
839 1459 1012 1502 ueritati
1031 1459 1074 1501 in
1092 1460 1420 1513 praesentiarum
1436 1457 1773 1508 testificarentur,

273 1541 446 1583 quorum
478 1528 645 1582 quidem
676 1541 723 1570 ex
753 1529 980 1570 abundanti
1012 1529 1076 1570 est
1096 1528 1278 1582 proferre
1309 1528 1552 1578 sententias,
1586 1538 1665 1568 non
1697 1538 1775 1580 quo

272 1597 447 1651 propriis
480 1596 730 1648 defieiamur,
769 1596 839 1639 sed
881 1609 960 1651 quo
1001 1598 1134 1650 magis
1173 1597 1328 1638 mirum
1365 1596 1420 1638 sit
1449 1596 1672 1638 aduersum
1703 1608 1775 1637 nos

273 1665 470 1708 dimicare
502 1667 663 1708 nostros
695 1667 736 1708 et
767 1667 980 1708 extraneos
1016 1677 1201 1720 pugnare
1232 1677 1305 1719 pro
1342 1664 1473 1707 nobis.
1520 1677 1650 1718 neque
1671 1664 1776 1706 mihi

273 1734 456 1788 profecto
488 1734 602 1777 cordi
633 1734 739 1776 foret
768 1735 963 1776 mutuum
995 1747 1044 1776 ex
1076 1735 1141 1776 his
1164 1746 1327 1788 carpere
1350 1733 1573 1788 quippiam,
1595 1733 1675 1775 nisi
1696 1734 1776 1775 iste
1790 1750 1824 1777 20

275 1802 455 1856 eorporis
481 1803 638 1844 amicus
669 1802 756 1843 sola
786 1802 1060 1856 philosophici
1101 1803 1278 1844 nominis
1321 1803 1528 1845 mentione
1564 1803 1777 1845 terricula-

276 1871 417 1913 menta
447 1871 648 1924 quaedam
681 1870 800 1912 nobis
831 1871 1028 1912 scientiae
1067 1870 1339 1924 profundioris
1379 1871 1683 1913 ostentauisset.
1731 1884 1777 1913 ex

347 2053 366 2086 1
391 2054 529 2098 isteque
554 2053 574 2087 b
705 2053 803 2088 aliud
827 2053 877 2089 M
897 2053 939 2088 in
963 2056 1082 2094 tewtu,
1121 2052 1251 2087 maluit
1275 2053 1337 2087 Μα
1360 2054 1401 2088 in
1425 2064 1551 2099 mary„
1587 2058 1779 2098 utramque

276 2119 401 2144 uocem
425 2110 595 2145 exarauit
619 2110 639 2144 b
777 2110 799 2145 5
829 2121 945 2144 rerum
978 2110 1012 2145 G
1150 2110 1364 2145 substantiis
1393 2110 1436 2154 G,
1478 2111 1778 2146 substancialibus

277 2167 327 2200 M
347 2176 439 2201 corr.
465 2166 507 2201 in
530 2177 656 2212 mai-9„
683 2167 703 2201 b
836 2167 987 2212 speeiem
1010 2167 1151 2209 ABH1,
1188 2178 1254 2202 om.
1280 2167 1316 2203 R
1454 2169 1475 2203 6
1498 2169 1780 2203 ut—contraria

278 2234 344 2259 om.
376 2222 411 2258 G
538 2223 591 2268 ut]
618 2226 682 2258 aut
706 2224 743 2259 R
873 2225 1026 2269 flamma]
1052 2224 1199 2259 fiumina
1222 2225 1260 2260 R
1397 2224 1417 2258 7
1442 2225 1578 2270 tamen]
1605 2229 1627 2259 fl
1652 2225 1688 2260 A

276 2281 298 2316 8
334 2280 488 2325 flamma]
523 2279 671 2315 fiumina
702 2281 739 2317 R
877 2281 898 2316 9
930 2281 1039 2315 simul
1070 2292 1135 2317 om.
1161 2282 1247 2316 libri
1265 2285 1416 2326 praeter
1442 2282 1525 2317 GM
1547 2286 1582 2317 et
1607 2282 1687 2318 Seh.

276 2338 367 2383 esse]
399 2348 471 2372 non
501 2337 589 2373 add.
621 2337 656 2373 A
792 2339 906 2383 possit
938 2338 991 2381 R,
1030 2342 1174 2383 possent
1206 2338 1398 2374 ABDEF
1411 2338 1491 2374 Sch.
1632 2339 1675 2374 12
1707 2350 1780 2375 cor-

277 2418 647 2463 porea—incorporea
678 2417 762 2453 libri
901 2418 945 2452 14
976 2399 1069 2463 quoad
1100 2419 1164 2460 M,
1203 2429 1272 2463 quo
1305 2420 1345 2453 ut
1377 2419 1417 2460 b,
1459 2419 1549 2463 quod
1577 2422 1635 2463 10²,
1676 2421 1781 2464 prout

279 2475 460 2510 Barthius
599 2475 642 2511 15
673 2476 874 2520 peragratis
897 2477 943 2520 1⁰²
1081 2476 1256 2511 nobilium
1275 2477 1322 2520 20²
1459 2476 1600 2521 reiecta]
1626 2479 1662 2511 to
1686 2477 1781 2512 iacta

279 2533 317 2569 R
444 2532 487 2566 16
512 2531 632 2577 delege
657 2532 694 2567 R
821 2532 864 2566 17
889 2532 1134 2567 habundantia
1158 2533 1221 2576 M,
1262 2531 1480 2568 abundantia.
1505 2533 1569 2568 Rb
1686 2535 1782 2578 quod

279 2589 354 2624 Mb
494 2588 537 2622 18
561 2588 764 2624 deficiamus
786 2588 1003 2624 D¹E¹G²M
1009 2590 1029 2624 b
1047 2589 1127 2625 Seh.
1267 2588 1359 2634 quod
1388 2589 1436 2623 M
1459 2589 1612 2624 editores
1630 2594 1782 2634 praeter

274 2672 321 2714 p²
436 2669 480 2703 20
505 2680 644 2714 carpere
669 2670 761 2710 Mb,
784 2680 924 2718 *capere
948 2671 1024 2706 rell.
1050 2674 1084 2706 et
1110 2669 1189 2705 Sch.
1305 2669 1347 2704 21
1374 2650 1639 2704 terriculame'ta
1664 2668 1693 2704 S

279 2727 324 2760 22
348 2726 590 2770 profundiores
614 2727 744 2763 BH¹R
