1884 2998
1562 56 1654 85 XLV

215 156 393 197 Restant
432 158 552 209 pauci
593 156 696 212 loci,
738 158 885 211 quibus
933 160 1203 215 archetypum
1243 164 1485 206 mendosum
1532 166 1656 209 fuisse

158 223 352 266 arbitrati
417 225 467 266 ab
539 225 724 267 omnium
782 227 852 269 uel
909 229 1159 281 optimorum
1217 232 1400 275 codicum
1458 235 1657 288 scriptura

158 292 412 347 recessimus,
446 306 521 336 nec
553 294 693 336 tamen
723 295 857 337 ullum
888 297 1085 338 mendum
1117 297 1250 341 inesse
1281 313 1389 344 nunc
1420 302 1535 345 nobis
1565 317 1656 357 per-

156 360 379 404 suasimus.
420 361 489 413 24,
523 363 549 405 6
580 361 654 404 hoc
684 362 794 404 idem
824 363 929 405 mihi
950 365 1037 406 acsi
1057 366 1225 419 coynita
1245 370 1526 411 necessariam
1547 371 1657 414 ultro

158 429 441 483 inyerentibus
486 430 693 483 inspicere
737 431 870 484 plane
915 446 1000 474 non
1045 433 1196 477 abnui:
1244 437 1352 489 quod
1391 450 1530 481 omnes
1561 440 1657 482 libri

157 499 355 552 praebent
385 499 596 552 coynitum
634 500 860 553 genuinum
893 513 980 542 esse
1010 502 1187 556 uidetur,
1227 516 1319 545 cum
1351 505 1475 547 etiam
1506 507 1571 557 70,
1607 508 1659 549 10

158 568 199 609 et
232 568 326 619 131,
349 567 376 608 4
395 567 521 620 facile
546 567 834 621 (facillimum)
857 568 1020 621 factum
1041 570 1279 624 reperiatur.
1321 573 1517 616 nimirum
1538 574 1658 617 Clau-

156 635 273 677 diani
319 636 575 689 temporibus
618 649 740 678 usum
771 637 909 690 supini
949 638 991 679 in
1022 652 1073 679 -a
1103 639 1186 681 iam
1218 640 1504 684 oblitteratum
1535 643 1658 685 fuisse

157 705 393 759 putauerim
434 704 507 756 ita,
550 706 599 747 ut
630 705 821 759 supinum
853 707 895 747 in
927 719 1021 748 -nm
1053 707 1140 749 eius
1173 708 1262 750 uice
1295 709 1573 752 adhiberetur.
1606 735 1658 742 —

157 774 227 824 32,
262 773 315 815 15
345 773 442 815 uide
472 786 524 815 ne
553 773 742 826 forsitan
767 774 842 815 iste
862 773 931 825 sit,
963 788 1081 827 quern
1110 775 1230 818 nobis
1261 777 1657 829 adprobandum

159 855 262 896 rere,
295 842 375 883 alti
400 841 634 895 prolapsas
665 842 822 884 erroris
846 854 939 884 cum
972 843 1008 885 G
1040 843 1200 899 scripsi,
1231 845 1321 886 rell.
1344 845 1658 899 opprobandum

157 911 368 964 praebent.
421 911 550 953 totius
582 911 835 964 quaestionis
868 913 987 954 cardo
1018 912 1197 954 uertitur
1226 913 1270 954 in
1301 925 1401 955 uoce
1430 913 1661 967 prolapsus

155 979 324 1031 erroris,
368 991 491 1032 quam
534 979 691 1032 duplici
722 981 841 1022 modo
875 980 1075 1033 explicare
1105 980 1218 1034 licet,
1258 981 1320 1022 ita
1350 981 1397 1023 ut
1426 983 1500 1024 aut
1528 982 1659 1035 parti-

157 1048 314 1101 cipium
345 1049 461 1090 uerbi
489 1047 660 1100 prolabi
692 1050 765 1090 aut
801 1048 1109 1091 substantiuum
1132 1061 1415 1104 agnoscamus.
1458 1062 1504 1091 ac
1533 1051 1660 1103 parti-

156 1116 310 1169 cipium
344 1116 510 1169 quidem
533 1116 765 1169 prolapsus
797 1129 890 1158 cum
921 1118 1115 1171 genetiuo
1143 1117 1406 1160 coniunctum
1428 1130 1507 1160 non
1529 1120 1659 1173 magis

155 1185 343 1236 offendit,
387 1198 511 1239 quam
546 1187 611 1237 19,
645 1187 670 1228 3
700 1186 931 1239 fraudatus
961 1186 1157 1239 temporis
1186 1188 1224 1227 et
1254 1188 1479 1238 occupatus
1509 1186 1659 1241 animi,

156 1253 230 1295 sed
269 1254 455 1296 exstabat
497 1255 621 1296 etiam
663 1254 974 1297 substantiuum
1011 1254 1254 1307 prolapsas,
1300 1266 1548 1307 quamquam
1580 1268 1659 1297 non

157 1323 312 1376 legitur
338 1324 380 1364 in
404 1322 617 1377 Georgesii
639 1323 769 1365 lexico
794 1323 866 1377 (cf.
892 1322 1097 1377 Paucker,
1129 1322 1395 1376 spicileyiurn
1418 1324 1491 1364 etc.
1515 1336 1554 1376 p.
1581 1325 1659 1365 133

154 1391 199 1432 et
244 1390 317 1441 id„
364 1391 413 1432 de
457 1391 672 1433 latinitate
716 1391 970 1445 Hieronymi
1011 1405 1049 1445 p.
1090 1391 1177 1444 25).
1224 1390 1476 1444 significauit
1522 1392 1657 1433 autem

158 1458 411 1501 Claudianus
461 1459 526 1501 his
575 1460 712 1501 uerbis
762 1460 898 1501 locum
949 1459 1093 1501 Fausti
1147 1461 1255 1513 (pag.
1311 1459 1374 1513 16,
1425 1458 1514 1511 16):
1564 1459 1661 1500 uide

157 1540 235 1580 quo
275 1527 508 1569 adsertores
545 1540 640 1570 suos
679 1527 806 1570 ducat
847 1528 927 1569 alti
949 1527 1180 1581 prolapsus
1219 1527 1383 1577 erroris,
1414 1527 1487 1568 ubi
1510 1526 1659 1579 prola-

151 1608 259 1649 psus
297 1596 608 1638 substantiuum
649 1608 737 1638 esse
774 1596 879 1637 mihi
911 1597 1077 1649 quidem
1107 1595 1197 1637 ueri
1228 1595 1407 1636 similius
1439 1595 1512 1637 est.
1557 1607 1659 1649 quae

157 1665 191 1707 si
232 1667 343 1707 recte
384 1664 594 1718 disputata
636 1667 745 1716 sunt,
797 1664 924 1707 etiam
966 1663 1183 1706 Claudiani
1222 1663 1310 1706 loco
1351 1664 1661 1707 substantiuum

157 1734 315 1775 exstare
361 1733 569 1775 euincitur
611 1734 652 1775 et
697 1732 883 1775 codicum
928 1732 1051 1774 lectio
1100 1732 1231 1774 teneri
1275 1735 1421 1786 potest,
1469 1745 1562 1774 cum
1607 1733 1662 1774 sit

158 1800 363 1843 enuntiati
405 1813 571 1843 sensus:
611 1795 722 1843 ‘uide
759 1813 809 1843 ne
839 1801 918 1843 iste
953 1803 1024 1854 (=
1047 1801 1170 1852 istud,
1204 1801 1312 1855 quod
1344 1803 1389 1842 tu
1421 1802 1506 1854 ipse
1537 1801 1657 1854 dicis)

157 1870 212 1912 sit
257 1869 332 1911 alti
376 1870 590 1924 prolapsus
636 1870 785 1912 erroris
821 1871 892 1924 (=
913 1870 1022 1911 altus
1055 1882 1177 1917 error,
1221 1870 1271 1912 cf.
1308 1869 1400 1923 122,
1432 1870 1486 1910 22
1517 1868 1660 1921 lapsus

149 1951 359 1992 praeceps
379 1938 620 1993 stultitiae),
644 1951 766 1993 quem
787 1938 905 1981 nobis
928 1938 1235 1993 opprobandum
1258 1937 1373 1980 rere?
1394 1938 1501 1979 male
1522 1940 1660 1979 autem

158 2010 332 2061 egerunt
373 2006 550 2048 editores
582 2005 896 2059 opprobandam
936 2006 978 2047 in
1010 2005 1349 2059 opprobrandum
1379 2005 1659 2059 immutantes,

155 2086 254 2116 nam
274 2086 355 2116 non
377 2074 509 2127 uideo,
542 2087 612 2116 cur
637 2074 812 2116 uerbum
834 2073 1062 2127 opprobare
1084 2074 1155 2128 (Ξ
1178 2072 1433 2127 improbare)
1457 2073 1659 2115 exstitisse

159 2155 366 2197 negemus.
388 2167 445 2174 --
464 2143 534 2196 40,
564 2143 615 2185 16
646 2156 749 2184 nam
778 2142 881 2193 illic,
912 2142 984 2184 ubi
1013 2142 1062 2184 de
1094 2142 1298 2183 creatione
1329 2140 1512 2182 hominis
1533 2141 1659 2196 Moy-

158 2223 221 2252 ses
252 2210 450 2264 loquitur,
490 2211 551 2253 sic
582 2211 666 2253 ait:
696 2213 732 2252 et
761 2211 872 2254 dixit
901 2210 1002 2253 deas
1038 2211 1116 2253 etc.
1164 2210 1310 2264 quodsi
1355 2209 1453 2251 libri
1499 2210 1660 2264 praeter

163 2278 409 2333 DG(B²C²)
453 2292 593 2322 omnes
634 2280 778 2334 Moysi
818 2280 1027 2333 praebent,
1079 2291 1159 2320 non
1201 2279 1311 2320 casui
1352 2277 1394 2319 id
1431 2277 1659 2330 tribuerim,

159 2360 284 2401 quam
330 2349 381 2391 ob
426 2361 513 2390 rem
551 2349 688 2402 potius
728 2348 980 2402 explicanda,
1028 2360 1151 2401 quam
1183 2346 1437 2389 emendanda
1467 2347 1529 2386 est
1560 2345 1660 2387 haec

160 2416 295 2458 lectio.
346 2429 393 2459 ac
439 2416 722 2459 nominatiuus
772 2417 952 2471 Moyses,
1004 2417 1039 2458 si
1091 2415 1269 2457 traditus
1321 2414 1428 2456 esset
1472 2413 1658 2455 omnibus

160 2484 289 2538 libris,
330 2485 491 2528 nullam
524 2486 787 2529 offensionem
829 2486 1011 2539 haberet,
1053 2484 1245 2539 quoniam
1278 2483 1461 2537 sequitur
1491 2483 1603 2525 locus
1635 2496 1655 2524 e

160 2553 361 2607 principio
406 2567 602 2608 geneseos
648 2554 926 2609 depromptus.
982 2555 1049 2595 sed
1097 2554 1223 2595 etiam
1270 2552 1436 2594 datiuus
1481 2552 1657 2593 traditus

160 2620 306 2675 Moysi
336 2622 509 2665 tolerari
539 2623 688 2677 potest,
721 2622 939 2666 dummodo
969 2622 1070 2664 deus
1090 2621 1322 2663 subiectum
1345 2618 1549 2663 enuntiati
1571 2630 1653 2659 esse
