1884 2998
629 132 688 166 De
714 134 839 166 statu
864 132 1035 167 animae
1066 133 1104 168 II
1129 134 1161 168 4.
1564 137 1643 179 113

146 257 270 299 dubio
329 256 419 310 ipsa
473 257 610 298 finalis
662 259 725 298 est
774 260 1021 311 propterque
1072 259 1113 299 et
1161 260 1464 303 mensurabilis.
1529 262 1642 303 trans

147 337 271 379 quam
318 326 353 366 si
398 325 496 378 quid
536 325 762 378 spatiorum
802 325 982 367 humana
1022 339 1138 368 mens
1177 329 1342 380 cogitat,
1383 329 1424 370 in
1459 342 1505 370 ea
1536 332 1644 372 certe

145 393 304 435 ratione
336 406 553 435 mensurae
584 406 655 447 per
686 394 919 446 corporales
951 394 1104 436 formas
1137 395 1251 437 mitti
1274 408 1393 449 posse
1415 410 1494 439 non
1521 398 1643 440 dubi-

145 464 221 511 tat,
261 464 366 515 quod
407 462 570 515 quidem
613 462 674 503 ita
715 475 832 515 posse
874 463 964 504 fieri
1002 463 1046 505 in
1076 464 1254 506 ueritate
1286 465 1431 514 claret,
1469 467 1503 506 si
1535 466 1642 508 ullus

119 534 257 572 sextra
296 531 499 572 mundum
539 530 653 572 locus
695 531 770 573 est.
821 531 893 573 sed
932 532 1128 585 quoniam
1169 534 1283 574 extra
1313 544 1477 574 omnem
1509 534 1642 575 locum

144 600 256 641 locus
297 613 383 641 esse
423 613 504 642 non
542 601 690 653 potest,
733 600 874 642 localis
915 613 1108 642 mensura
1155 601 1226 643 ubi
1259 602 1370 643 locus
1411 602 1550 644 nullus
1582 605 1644 645 est

143 680 224 710 non
257 669 426 718 accedit,
460 670 502 710 et
533 682 625 711 cum
658 669 765 710 desit
798 670 905 722 quod
937 670 1078 711 metiri
1109 670 1254 722 possit,
1288 683 1365 723 quo
1396 670 1529 724 possit
1559 684 1642 712 me-

143 736 215 778 tiri
252 738 451 790 superest,
492 736 587 790 quia
626 737 743 779 finito
783 737 1056 779 mensurabili
1088 739 1422 781 inmensurabilis
1451 751 1645 780 mensura

143 817 224 846 non
271 805 419 847 deficit.
474 806 643 847 eatenus
683 806 872 858 equidem
911 806 1018 848 ratio
1056 806 1245 859 ponderis
1285 819 1330 848 eo
1371 809 1477 860 quod
1522 808 1642 860 pendi

99 874 282 926 10potest
313 876 500 915 cessante
531 885 610 915 non
642 874 787 915 interit
826 877 868 915 et
914 887 1109 916 numerus
1139 874 1256 917 finito
1287 875 1532 918 numerabili
1563 888 1644 918 non

142 941 298 983 finitur.
348 942 479 997 igitur
509 942 544 984 si
574 943 785 984 inmensae
815 943 918 984 lucis
950 943 1143 996 splendor
1175 943 1312 997 aliquo
1344 944 1460 986 nobis
1483 944 1643 998 fulgore

141 1011 376 1062 subrutilat,
418 1013 644 1053 necessario
683 1012 845 1053 scilicet
886 1012 984 1053 istic
1025 1012 1307 1062 admonebere,
1350 1015 1397 1053 ut
1427 1013 1643 1065 paululum

143 1081 320 1133 seposita
358 1080 586 1122 carnalium
625 1081 794 1122 fallacia
835 1081 1041 1122 uisiouum
1082 1080 1195 1122 dicas
1227 1080 1346 1123 nobis
1378 1081 1643 1135 decempedae

143 1148 275 1190 forma
321 1161 534 1201 corporeae
580 1150 645 1191 cui
686 1150 825 1190 nostro
864 1148 1042 1191 uisibilis
1073 1149 1161 1191 sit?
1192 1150 1260 1191 sed
1293 1149 1387 1203 quia
1418 1150 1532 1200 hanc,
1565 1151 1645 1193 nisi

96 1235 129 1260 15
144 1217 320 1258 nimium
351 1217 525 1259 fortasse
546 1229 767 1269 suscenses,
791 1218 950 1270 corpori
972 1217 1334 1271 contemplabilem
1355 1230 1435 1260 non
1457 1218 1643 1272 negabis,

144 1288 440 1338 consequenter
471 1298 620 1339 quaero
650 1286 768 1327 illam
799 1286 1161 1328 inmensurabilem
1190 1286 1238 1328 de
1260 1298 1339 1339 qua
1361 1299 1484 1341 supra
1504 1301 1644 1329 sumus

141 1354 271 1395 locuti
312 1367 545 1396 mensuram
587 1356 775 1396 animone
816 1367 866 1396 an
904 1355 1061 1407 corpori
1092 1356 1202 1397 dicas
1234 1368 1318 1397 esse
1350 1356 1645 1409 conspicuam?

142 1425 212 1464 sed
245 1435 326 1465 non
357 1423 417 1464 ita
449 1424 685 1476 quempiam
717 1425 870 1465 ueritas
902 1425 1077 1476 deserat,
1108 1426 1154 1466 ut
1181 1425 1324 1466 diuina
1353 1424 1511 1478 corpori
1541 1425 1642 1466 uisi-

141 1491 247 1533 bilia
278 1491 362 1534 fore
394 1494 629 1546 contendat,
663 1505 756 1534 cum
787 1505 864 1534 nec
895 1505 1064 1546 corpora
1094 1494 1226 1536 uideri
1257 1495 1307 1536 ab
1337 1494 1415 1535 hoc
1445 1494 1523 1536 nisi
1554 1494 1642 1535 ani·

95 1581 128 1606 20
141 1562 254 1602 mato
301 1563 518 1615 cognoscat
564 1564 648 1613 aut,
696 1563 744 1604 ut
789 1562 927 1604 dicam
972 1563 1124 1614 uerius,
1173 1562 1358 1604 animam
1397 1563 1534 1616 potius
1573 1574 1643 1616 per

141 1641 287 1682 corpus
320 1642 442 1683 quam
465 1631 691 1684 quidquam
712 1644 785 1684 per
806 1644 849 1673 se
870 1631 1025 1673 sentire
1047 1643 1193 1684 corpus
1215 1631 1447 1685 intellegat.
1494 1631 1644 1684 duplex

141 1711 237 1752 ergo
269 1700 331 1741 est
360 1699 531 1742 uidendi
563 1700 650 1741 uis:
697 1699 838 1741 anima
876 1700 993 1742 uidet
1033 1712 1269 1742 mensuram
1308 1702 1465 1753 pondus
1496 1701 1537 1741 et
1567 1712 1641 1741 nu-

211 1848 227 1881 1
262 1848 406 1890 propter
438 1856 527 1891 quae
556 1847 639 1888 Rb,
680 1848 932 1891 proptereaque
958 1846 1055 1887 Sela,
1096 1847 1251 1889 fortasse
1276 1849 1527 1891 eapropterque
1550 1846 1642 1881 scri-

139 1904 295 1939 bendum
423 1906 460 1938 et
483 1914 550 1939 om.
575 1905 659 1939 libri
679 1908 831 1948 praeter
856 1905 903 1939 M
926 1908 958 1939 et
984 1904 1062 1939 Βοὴ.
1194 1906 1216 1939 3
1241 1907 1425 1939 mensurae
1450 1904 1507 1948 M,
1546 1915 1642 1938 men-

139 1972 221 1995 sura
246 1961 265 1995 b
397 1961 419 1995 4
444 1961 482 1995 in
507 1972 574 1996 om.
602 1962 687 1996 libri
706 1966 859 2006 praeter
883 1963 930 1996 M
955 1966 988 1996 et
1014 1961 1091 1996 Seh.
1221 1961 1331 1995 ullius
1356 1961 1392 1995 R
1522 1962 1543 1995 5
1568 1971 1643 1995 mo-

139 2019 222 2053 dum
249 2019 323 2053 Mb
462 2019 483 2052 6
509 2018 630 2053 nullus
656 2029 721 2053 om.
751 2019 925 2054 Galland.
1066 2019 1085 2052 7
1111 2018 1241 2053 occidit
1258 2019 1304 2062 12²
1436 2018 1458 2052 8
1483 2017 1642 2062 superius

137 2077 193 2110 est
217 2076 277 2118 M,
319 2076 482 2120 superius
507 2076 643 2110 dictum
668 2078 721 2110 est
746 2076 766 2111 b
889 2077 1056 2120 quoniam
1077 2078 1122 2119 22²
1237 2075 1492 2110 mensurabilia
1516 2076 1552 2111 R

138 2134 159 2168 9
185 2144 224 2168 eo
250 2133 354 2178 quod]
382 2134 493 2177 equod
517 2133 554 2168 R
694 2133 738 2167 10
768 2134 896 2168 interit
931 2133 1039 2169 GMb
1058 2133 1158 2175 Seh.,
1197 2133 1331 2167 llllterit
1363 2133 1416 2173 A,
1457 2133 1543 2167 terit
1574 2132 1646 2167 BG

138 2192 256 2233 H¹R‚
297 2190 410 2225 deerit
446 2190 620 2232 H‘1LST,
662 2190 755 2234 perit
790 2189 941 2225 DEFP
1080 2191 1118 2225 11
1153 2189 1299 2234 aliquod
1329 2190 1365 2225 R
1503 2189 1643 2234 fulgore

137 2260 203 2284 om.
235 2248 389 2284 ABDF
526 2248 568 2282 12
601 2248 663 2282 isti
695 2249 749 2290 A,
790 2248 899 2282 istinc
923 2248 1086 2292 ΒΕΙΡῙ)2
1225 2246 1482 2281 ammoneberis
1507 2246 1556 2280 M

138 2307 182 2341 13
218 2306 389 2351 sepossita
424 2306 460 2340 B
602 2307 644 2340 14
679 2305 828 2340 formam
865 2305 933 2340 LS
1067 2306 1186 2339 nostro
1223 2314 1292 2340 om.
1327 2304 1385 2345 H,
1426 2304 1463 2337 in
1497 2313 1532 2337 se
1568 2303 1642 2346 LS,

138 2375 207 2398 non
247 2364 344 2405 Sele„
393 2364 554 2398 nostrum
590 2363 610 2397 b
814 2362 856 2396 15
893 2373 1067 2397 suscesses
1104 2362 1206 2404 MR,
1253 2370 1428 2395 successes
1465 2360 1516 2401 A,
1565 2370 1642 2394 suc-

138 2432 257 2456 censes
289 2422 383 2463 γεω,
429 2431 630 2456 succenseas
663 2421 682 2455 b
823 2420 976 2464 corporis
1013 2419 1111 2454 B¹C¹
1250 2421 1330 2462 post
1361 2417 1498 2461 corpori
1529 2417 1641 2452 inter-

132 2479 374 2525 punyendum
399 2489 470 2514 esse
501 2481 616 2513 censet
648 2478 828 2512 Barthius
967 2477 1012 2512 16
1043 2475 1314 2511 mensurabilem
1347 2474 1384 2509 R
1521 2484 1641 2508 sumus

882 2525 903 2532 av

138 2569 205 2593 om.
236 2559 272 2593 B
413 2558 454 2592 17
488 2558 648 2592 animene
675 2557 720 2600 G,
762 2539 925 2592 animofie
958 2556 988 2591 S
1123 2555 1165 2590 19
1197 2555 1287 2588 forte
1312 2553 1398 2587 libri
1421 2556 1567 2597 praeter
1590 2553 1643 2588 E’

137 2627 277 2662 F²GM
409 2637 472 2660 nec
499 2626 606 2661 GMe
625 2625 723 2668 Sca,
763 2636 805 2659 ne
829 2625 906 2659 reu.
1044 2623 1120 2668 hoc]
1146 2610 1250 2656 hom*ne
1273 2621 1310 2655 B
1437 2621 1478 2655 21
1505 2631 1541 2654 se
1565 2630 1641 2654 sen-

137 2684 221 2727 tire]
259 2683 332 2718 tale
362 2685 408 2727 10²
558 2683 603 2717 22
640 2684 693 2718 est
730 2693 813 2727 ergo
852 2681 1006 2716 editores
1152 2678 1288 2712 animae
1326 2677 1418 2721 (cum
1455 2677 1641 2711 enuntiato

136 2741 367 2776 antecedente
391 2741 639 2780 coniunctum)
665 2739 831 2774 Schottus

204 2809 268 2844 XI.
1483 2802 1504 2835 8
