1884 2998
246 151 304 195 86
760 149 1005 186 Claudiani
1030 149 1237 186 Mamerti

247 276 368 328 nihil,
409 275 519 319 caret
555 286 666 319 uero.
716 276 855 319 anima
891 288 1041 330 nempe
1081 277 1241 319 uariare
1273 276 1456 332 cogitata
1485 279 1635 330 potest,
1667 290 1749 320 non

247 345 429 399 cogitare
475 355 558 386 non
602 346 750 398 potest.
804 345 904 398 quid
949 347 1091 387 autem
1130 345 1236 388 illud
1283 347 1345 387 est
1392 344 1500 399 quod
1546 347 1750 388 somniare

246 412 434 464 dicimus,
473 411 554 454 nisi
593 413 700 466 quod
730 425 782 455 ne
817 412 974 454 defesso
1019 412 1187 466 quidem
1233 424 1399 466 corpore
1429 413 1475 455 in
1505 425 1750 467 somnosque

247 481 430 524 resoluto
462 481 623 524 animae
652 482 716 523 uis
748 494 772 523 a
803 480 1127 535 cogitationibus
1167 482 1322 524 uacat?
1352 482 1439 524 tota
1470 493 1566 523 uero
1598 481 1656 523 ibi
1687 482 1751 523 est

246 551 320 593 ubi
350 549 516 604 cogitat,
549 549 646 603 quia
677 550 767 591 tota
805 549 976 602 cogitat.
1028 562 1174 592 uerum
1211 552 1259 591 tu
1290 550 1444 593 idcirco
1475 550 1543 592 uel
1573 551 1750 592 maxime
1781 565 1800 591 5

247 619 298 661 de
329 619 491 661 animae
521 618 637 660 statu
673 617 844 671 falleris,
885 618 983 670 quia
1021 617 1134 659 aliud
1165 617 1364 668 animam,
1397 617 1511 660 aliud
1543 630 1631 660 esse
1661 618 1749 660 ani-

246 700 340 730 mae
376 687 582 742 potentias
620 686 763 728 credis.
814 686 924 740 quod
963 686 1075 727 enim
1119 687 1275 741 cogitat
1322 686 1509 730 accidens
1548 687 1635 729 eius
1676 687 1748 738 est,

248 756 486 799 substantia
515 767 612 797 uero
643 767 723 808 qua
754 755 923 809 cogitat.
974 755 1052 796 hoc
1082 756 1275 809 equidem
1307 756 1356 798 de
1386 756 1602 798 uoluntate
1632 767 1751 809 opor-

247 825 311 867 tet
351 836 561 880 agnoscas.
611 836 709 866 nam
748 823 855 866 sicut
890 825 980 865 tota
1011 825 1151 868 anima
1184 825 1379 879 cogitatio
1412 825 1491 876 est,
1521 825 1583 866 ita
1613 824 1751 866 anima

247 896 340 936 tota
387 893 580 935 uoluntas
626 894 690 934 est
735 893 775 934 et
821 905 925 946 quae
969 892 1152 947 perfecte
1198 894 1291 936 uult
1330 893 1420 935 tota
1463 893 1569 945 uult,
1617 895 1660 935 et
1703 894 1752 934 ut
1764 909 1800 935 10

247 974 374 1016 supra
405 961 567 1003 dictum
598 961 673 1016 est,
707 972 989 1015 quaecumque
1021 961 1086 1003 illi
1116 962 1224 1004 uelle
1250 962 1482 1004 accidentia
1503 965 1580 1013 est,
1611 962 1750 1016 ipsum

247 1043 345 1073 uero
377 1031 483 1073 uelle
514 1029 747 1072 substantia
777 1031 852 1071 est.
902 1029 999 1072 hinc
1039 1031 1166 1072 etiam
1197 1030 1241 1072 in
1272 1031 1398 1073 sacris
1428 1031 1561 1073 literis
1602 1031 1751 1073 uolun-

245 1099 349 1142 tatis
379 1099 586 1153 perfectae
626 1098 823 1149 definitio,
859 1101 981 1151 prout
1011 1099 1115 1142 illud
1148 1102 1224 1151 est,
1257 1101 1364 1152 quod
1395 1099 1457 1141 ita
1488 1100 1556 1141 uel
1587 1100 1646 1141 ita
1676 1111 1751 1141 uo-

247 1168 353 1222 luit,
414 1167 664 1210 damnabilis
723 1167 1003 1210 laudabilisue
1063 1170 1265 1210 censetur.
1339 1169 1397 1210 sic
1446 1169 1489 1210 in
1539 1168 1751 1222 euangelio

248 1237 463 1280 dominus:
506 1238 591 1290 qui
632 1237 855 1288 uiderit,
898 1237 1054 1290 inquit,
1101 1237 1378 1279 mulierem
1418 1237 1479 1278 ad
1511 1235 1801 1289 concupi-1⁵

247 1305 491 1348 scendum
522 1317 643 1356 eam,
675 1308 773 1348 iam
805 1306 1106 1348 moechatus
1138 1308 1218 1347 est
1248 1317 1354 1347 eam
1384 1306 1436 1347 in
1467 1308 1619 1348 corde
1650 1316 1751 1346 suo.

247 1377 290 1417 et
328 1376 370 1416 in
408 1373 560 1416 bonam
605 1376 769 1428 partem
814 1376 903 1418 loco
948 1375 1028 1417 alio
1073 1375 1315 1429 angelorum
1361 1376 1532 1418 uocibus
1580 1374 1751 1416 dicitur:

244 1442 414 1497 gloria
452 1442 505 1484 in
546 1443 779 1486 excelsis
818 1444 912 1486 deo
951 1446 1000 1486 et
1037 1444 1091 1485 in
1133 1447 1280 1486 terra
1327 1456 1420 1498 pax
1450 1443 1752 1486 hominibus

246 1511 407 1553 bonae
447 1511 760 1554 uoluntatis.
813 1524 904 1554 ecce
945 1511 1128 1564 dilectio,
1176 1514 1223 1553 ut
1262 1513 1309 1554 tu
1351 1512 1580 1564 arbitraris,
1623 1511 1752 1554 animi

246 1579 448 1634 quaedam
477 1581 608 1634 portio
640 1582 713 1632 est,
744 1581 793 1622 ut
822 1581 929 1623 ratio
961 1581 1091 1630 docet,
1123 1581 1285 1623 animus
1317 1581 1428 1623 totus
1461 1582 1537 1623 est.
1586 1580 1620 1622 si
1652 1580 1751 1634 quid
1765 1597 1800 1623 20

247 1661 344 1703 ergo
382 1649 468 1690 toto
507 1662 644 1691 amore
684 1661 791 1700 amo,
831 1661 912 1691 non
950 1649 993 1691 id
1024 1649 1163 1703 ipsum
1203 1650 1290 1691 toto
1330 1651 1467 1692 animo
1507 1648 1671 1703 diligo?
1711 1649 1751 1690 et

246 1716 321 1758 ubi
364 1720 486 1759 uacat
530 1717 635 1759 illud
680 1720 787 1771 quod
829 1718 1002 1761 dicitur:
1044 1717 1254 1771 diliges
1295 1718 1564 1760 dominum
1605 1717 1752 1758 deum

246 1787 390 1827 tuum
423 1798 476 1827 ex
507 1786 619 1828 toto
651 1786 924 1828 cordetuo
956 1787 1005 1828 et
1036 1798 1090 1828 ex
1120 1788 1232 1828 tota
1262 1786 1435 1828 anima
1463 1787 1567 1837 tua,
1599 1785 1634 1827 si
1664 1786 1752 1827 ani-

247 1867 340 1896 mae
369 1867 462 1908 pars
491 1857 663 1908 putatur
684 1867 773 1897 esse
793 1855 992 1897 dilectio?
1023 1855 1058 1897 si
1080 1856 1188 1897 enim
1218 1855 1334 1909 parte
1355 1855 1419 1897 sui
1440 1855 1581 1909 diligit
1602 1853 1752 1908 anima,

247 1935 328 1965 non
376 1924 518 1977 utique
564 1925 654 1966 tota
699 1923 854 1978 diligit.
913 1925 977 1965 sin
1021 1935 1116 1965 uero
1161 1925 1251 1966 tota
1282 1923 1434 1979 diligit,
1481 1925 1571 1965 tota
1600 1922 1801 1976 absque25

389 2071 429 2105 15
452 2070 584 2105 Matth.
611 2071 642 2113 5,
668 2070 712 2106 28
846 2071 887 2105 18
914 2070 1001 2108 Luc.
1023 2071 1056 2113 2,
1083 2071 1127 2105 14
1258 2070 1302 2105 22
1327 2070 1456 2105 Matth.
1482 2070 1537 2113 22,
1561 2070 1605 2105 37

320 2207 336 2240 1
375 2207 491 2241 anime
528 2207 564 2242 R
702 2218 772 2242 non
809 2218 873 2243 om.
910 2208 985 2243 Mb
1125 2207 1146 2242 2
1183 2207 1299 2252 gitare
1338 2207 1374 2241 A
1543 2207 1566 2241 3
1606 2206 1755 2240 dicimur

255 2263 351 2299 GRS
374 2263 527 2299 editores
665 2275 728 2299 nec
759 2265 832 2304 Mb
969 2265 1062 2299 fesso
1093 2264 1178 2300 libri
1204 2268 1354 2309 praeter
1383 2263 1497 2299 GGM
1524 2267 1558 2298 et
1583 2263 1662 2298 Sch.

249 2331 420 2365 sonosque
452 2323 498 2366 1³²
635 2322 656 2356 6
693 2321 809 2357 anime
846 2322 889 2356 de
928 2322 963 2358 R
1101 2322 1273 2365 animam]
1311 2323 1347 2355 et
1384 2320 1470 2356 add.
1507 2321 1543 2356 R
1682 2330 1755 2354 esse

250 2387 317 2414 om.
355 2378 428 2414 Mb
580 2378 603 2413 8
640 2378 865 2413 substantiae
900 2379 973 2413 AB
1124 2389 1215 2423 quae
1252 2377 1369 2412 BDF
1383 2376 1482 2418 Sela,
1524 2386 1592 2421 quo
1628 2376 1668 2411 E

250 2469 294 2520 12
319 2479 398 2503 uere
425 2468 455 2504 S
579 2470 632 2504 est
661 2469 748 2514 GM,
784 2480 850 2507 om.
875 2470 954 2506 rell.
980 2473 1014 2505 et
1039 2469 1118 2505 Βοὴ.
1236 2470 1291 2504 ’13
1316 2479 1378 2513 pro
1402 2444 1639 2503 ufftflltuld'dgst
1662 2466 1757 2511 quod

250 2538 305 2595 ita
329 2537 420 2572 uelit
444 2538 561 2595 uoluit
592 2538 623 2573 S
758 2539 815 2573 uel
840 2539 892 2573 ita
922 2538 1041 2574 GGM
1047 2538 1066 2573 b
1084 2538 1182 2581 Sela,
1224 2538 1314 2572 uelit
1338 2536 1534 2579 ABLRS,
1576 2535 1681 2570 uellit
1705 2535 1755 2577 H,

249 2618 341 2653 uelit
364 2618 421 2652 uel
445 2617 634 2663 DE¹F1>²‚
676 2619 767 2654 uelit
790 2619 848 2654 uel
872 2619 927 2654 ita
959 2618 1023 2661 E2,
1063 2619 1155 2653 uelit
1178 2620 1241 2653 aut
1274 2618 1311 2652 P
1448 2616 1493 2650 14
1522 2615 1759 2650 laudabilisue

248 2686 395 2731 scripsi,
436 2686 700 2731 laudabilisque
727 2687 811 2722 libri
927 2680 971 2721 sic
994 2687 1059 2730 M,
1101 2686 1193 2722 sicut
1218 2687 1237 2721 b
1363 2685 1405 2720 19
1430 2683 1604 2719 arbitrare
1631 2683 1666 2720 61

247 2768 293 2802 22
318 2766 443 2811 diligis
473 2766 638 2802 CH¹MR
776 2767 821 2801 24
844 2744 969 2812 dilige}
995 2766 1025 2802 S
1160 2767 1203 2802 25
1230 2767 1260 2800 si
1284 2765 1357 2800 Mb
