1884 2998
300 156 381 199 142
813 155 1052 192 Claudiani
1078 157 1287 193 Mamerti

1005 314 1089 370 XI.

296 440 447 472 PAVLO
476 441 711 473 APOSTOLO
742 441 881 472 TESTE
911 441 1000 472 PRO
1036 442 1372 473 INLOCALITATE
1408 443 1586 474 ANIMAE
1617 445 1798 476 VTITVR.

351 533 489 588 Igitur
518 545 771 587 quamquam
801 533 1010 575 nonnullis
1040 534 1225 576 locorum
1258 534 1392 576 sicubi
1414 534 1610 576 conduxit
1630 535 1799 578 harum-

294 602 406 655 piam
436 602 735 656 scripturarum
766 602 1017 644 testimoniis
1047 615 1145 645 usus
1177 604 1270 655 sim,
1303 603 1363 645 fas
1394 603 1535 645 tamen
1567 604 1631 646 est
1651 604 1798 646 multi-

295 671 414 713 modo
446 670 638 713 ueritatis
668 670 807 723 gladio
840 671 1053 725 falsiloqui
1092 671 1345 714 ceruiculam
1383 671 1537 714 salubri
1567 672 1800 715 concisione
1831 684 1847 710 5

295 739 547 793 concipilari.
598 740 754 782 Paulus
786 741 927 782 doctor
956 741 1157 795 gentium,
1189 753 1261 784 uas
1284 740 1482 782 electum:
1514 752 1662 783 omne
1690 754 1801 794 pec-

296 808 481 858 catum,
510 808 659 862 inquit,
683 810 837 850 extra
858 820 1041 862 corpus
1063 811 1152 860 est,
1184 810 1269 862 qui
1298 811 1468 851 autem
1504 808 1802 851 fornicatur

294 877 347 918 in
378 888 564 931 corpus
595 889 747 918 suum
777 879 972 930 peccat.
1024 877 1060 919 si
1101 880 1267 932 excepto
1304 879 1477 920 crimine
1517 877 1801 920 fornicationis

297 945 410 987 extra
441 957 587 999 corpus
618 945 682 988 est
713 957 832 987 omne
863 945 1094 998 peccatum,
1125 946 1168 988 in
1200 947 1339 989 anima
1370 959 1466 1001 ergo
1498 947 1574 989 est.
1623 958 1742 999 porro
1764 946 1801 988 si

294 1013 339 1055 in
370 1013 511 1056 anima
542 1015 606 1056 est
635 1016 677 1056 et
707 1025 855 1067 corpus
887 1015 950 1057 est
982 1014 1134 1068 anima,
1173 1027 1255 1057 non
1291 1028 1388 1071 ergo
1418 1015 1533 1057 extra
1562 1027 1707 1068 corpus
1738 1015 1847 1056 estio

296 1094 415 1125 omne
458 1083 691 1136 peccatum.
750 1084 822 1126 sed
868 1085 1080 1137 apostolus
1124 1084 1228 1126 dicit
1276 1086 1438 1138 praeter
1483 1084 1801 1126 fornicationem

295 1151 411 1193 extra
442 1163 589 1204 corpus
622 1163 709 1193 esse
742 1163 861 1193 omne
891 1154 1119 1206 peccatum.
1162 1153 1402 1206 incorporea
1433 1164 1528 1206 ergo
1561 1154 1624 1194 est
1646 1152 1800 1203 anima,

295 1220 343 1262 ut
372 1221 429 1262 sit
459 1219 618 1273 aliquid
648 1220 693 1261 in
725 1233 802 1274 quo
834 1221 949 1263 extra
981 1233 1127 1275 corpus
1148 1222 1282 1274 possit
1312 1233 1399 1263 esse
1421 1223 1649 1274 peccatum.
1681 1220 1802 1262 item-

295 1301 375 1342 que
404 1289 456 1331 ad
487 1289 724 1332 Corinthios
753 1289 798 1330 in
831 1302 939 1340 eum,
971 1289 1043 1343 qui
1073 1289 1225 1332 scelere
1257 1290 1442 1342 pollutus
1473 1288 1621 1330 incesti
1652 1300 1800 1330 nouer-

296 1358 427 1399 calem
457 1358 593 1399 torum
624 1371 726 1411 pene
756 1359 903 1400 matris
934 1359 1146 1413 stuprator
1180 1359 1395 1410 inluserat,
1426 1358 1678 1400 sententiam
1707 1370 1801 1412 pro·
1814 1372 1847 1398 15

294 1425 560 1479 mulgaturus
577 1425 637 1468 sic
659 1427 741 1468 ait:
765 1428 870 1469 etsi
891 1427 1079 1469 absens
1102 1439 1340 1481 corpore,
1362 1439 1606 1481 praesens
1628 1427 1802 1468 autem

295 1494 495 1547 spiritu
540 1507 654 1537 eum
701 1497 787 1549 qui
817 1496 911 1538 hoc
944 1508 1067 1550 opus
1103 1497 1237 1539 fecit
1266 1497 1367 1538 iam
1397 1494 1651 1537 indicaui.
1703 1494 1803 1547 quid

294 1563 423 1618 istud,
457 1564 640 1617 apostole
670 1563 811 1617 Paule,
844 1563 945 1617 quid
977 1563 1090 1605 istud
1111 1566 1204 1606 est?
1226 1576 1305 1617 quo
1326 1564 1448 1605 modo
1471 1565 1615 1606 absens
1637 1574 1801 1617 corpore

295 1645 350 1684 eS‚
382 1633 454 1675 ubi
483 1632 653 1685 spiritus
683 1630 906 1686 praesens?
936 1632 972 1673 si
1003 1644 1148 1685 corpus
1180 1633 1241 1673 est
1263 1631 1448 1686 spiritus,
1471 1645 1542 1674 cur
1562 1644 1642 1673 non
1663 1631 1800 1685 potius

296 1714 343 1743 ex
373 1700 534 1744 duobus
565 1702 763 1755 conpacte
794 1700 1030 1755 corporibus
1068 1713 1148 1742 uno
1187 1700 1402 1743 absentem
1433 1701 1513 1743 alio
1544 1702 1849 1754 praesentemzo

294 1769 337 1811 te
369 1780 455 1811 esse
502 1768 619 1820 dicis,
659 1770 733 1811 aut
774 1770 810 1812 si
840 1782 970 1812 unum
1017 1781 1164 1823 corpus
1195 1782 1237 1811 es
1267 1772 1394 1821 totus,
1441 1781 1514 1811 cur
1558 1781 1641 1811 non
1683 1770 1802 1822 parte

297 1837 480 1892 corporis
510 1837 654 1881 abesse
685 1840 728 1881 te
760 1839 802 1881 et
831 1839 947 1893 parte
977 1839 1158 1893 corporis
1180 1839 1323 1881 adesse
1348 1840 1390 1881 te
1411 1838 1600 1892 profers?
1623 1838 1671 1879 ut
1692 1837 1803 1879 enim

433 1974 454 2008 6
479 1973 499 2008 I
523 1973 601 2009 Cor.
627 1974 660 2017 6,
686 1974 730 2009 18
868 1974 912 2010 16
936 1974 955 2009 Ι
980 1974 1058 2010 Cor.
1083 1975 1116 2018 5,
1139 1975 1161 2009 3

363 2100 386 2135 2
416 2099 549 2145 utitur]
582 2101 620 2135 et
651 2100 805 2145 qualitor
834 2100 873 2135 in
902 2100 1053 2135 tertium
1084 2100 1220 2135 caelum
1251 2109 1324 2134 esse
1351 2100 1488 2144 (raptus
1513 2098 1598 2134 add.
1622 2097 1704 2142 ΕΗ)
1731 2107 1803 2133 cre-

295 2157 400 2192 datur
423 2156 511 2192 add.
536 2157 583 2192 M
606 2161 640 2192 et
663 2158 739 2193 rell.
877 2157 899 2192 3
923 2156 1119 2192 nonnullus
1144 2157 1218 2191 Mb
1356 2157 1406 2191 sit
1430 2155 1493 2191 ubi
1517 2156 1590 2191 Mb
1723 2165 1803 2190 con-

296 2214 399 2249 duxit
422 2224 488 2249 om.
514 2214 588 2249 Mb
714 2214 967 2259 ‘quarumpiam
989 2216 1033 2258 p²
1167 2214 1191 2248 4
1214 2214 1288 2248 stas
1312 2213 1349 2248 B
1486 2213 1508 2247 5
1532 2212 1652 2257 glodio
1676 2212 1714 2248 R

295 2271 495 2317 falsiloquii
518 2271 702 2307 Barthius
838 2272 1042 2307 condicione
1069 2271 1104 2307 G
1242 2271 1264 2306 6
1296 2271 1485 2315 compilare
1513 2271 1553 2313 T,
1593 2269 1803 2314 concipilare

299 2329 373 2365 GP
386 2329 485 2371 Sela,
533 2328 760 2363 contruncari
796 2329 817 2363 b
953 2328 1134 2364 electionis
1169 2328 1351 2363 Barthius
1494 2327 1514 2361 7
1552 2327 1803 2371 qui-corpus

295 2411 350 2444 est
365 2420 431 2445 om.
449 2408 659 2445 ABDE¹F
767 2408 789 2443 9
814 2409 919 2454 erllgo
943 2408 980 2444 R
1097 2408 1140 2443 12
1163 2410 1218 2444 est
1235 2418 1320 2453 ergo
1336 2406 1530 2442 ABDEF
1642 2406 1685 2441 14
1709 2383 1803 2441 scere

296 2490 328 2526 S
439 2490 485 2525 15
501 2470 685 2534 stupeator
702 2489 734 2524 S
844 2489 1022 2524 inluxerat
1038 2489 1074 2525 R
1190 2489 1234 2524 19
1250 2488 1400 2533 spiritus
1417 2487 1466 2522 M
1478 2487 1641 2530 editores,
1674 2487 1803 2531 spiritu

294 2548 374 2583 rell.
505 2547 683 2593 praesens]
709 2557 746 2582 es
770 2547 855 2582 add.
879 2547 966 2582 libri
983 2550 1137 2591 praeter
1160 2546 1263 2582 F¹M
1393 2545 1438 2579 20
1461 2545 1601 2589 inpacte
1624 2544 1672 2587 B,
1712 2554 1803 2579 com-

297 2605 422 2650 pactus
441 2614 471 2649 p
601 2603 747 2639 absente
774 2603 809 2641 G
938 2606 1125 2649 praesente
1152 2604 1186 2639 G
1325 2602 1369 2637 21
1393 2604 1431 2637 te
1455 2612 1522 2637 om.
1547 2602 1632 2637 libri
1655 2604 1805 2647 praeter

298 2661 426 2699 GM&
552 2672 627 2696 esse
650 2663 688 2696 te
714 2661 750 2697 G
876 2663 915 2696 at
937 2661 1265 2698 AGEFGHLRS
1278 2660 1357 2696 seh.
1488 2659 1533 2694 22
1557 2660 1593 2694 te
1616 2662 1705 2694 ante
1728 2668 1805 2703 pro-

295 2719 369 2755 fers
397 2729 463 2755 om.
488 2719 574 2754 libri
595 2722 746 2764 praeter
770 2718 820 2755 M
840 2721 874 2755 et
898 2718 976 2755 Βοὴ.
1118 2717 1277 2763 proferes
1308 2715 1615 2759 A¹B¹CHLRS¹‚
1654 2715 1803 2761 profaris

303 2777 335 2812 G
473 2775 582 2821 enim]
606 2786 689 2821 ergo
713 2776 751 2813 R
