1884 2998
201 138 286 182 212

915 140 1052 176 Index

239 667 341 732 III.
385 669 613 734 INDEX
656 670 1054 735 VERBORVM
1093 670 1186 735 ΕΤ
1231 670 1720 736 LOOVTIONVM.

197 969 245 1024 A
270 988 332 1022 ab:
369 986 413 1022 ab
448 987 604 1023 auctoris
640 987 696 1023 tui
733 987 934 1023 dubitantis
1010 991 1133 1026 abdita
1171 991 1344 1026 diuinitas
1385 992 1460 1034 101,
1504 992 1557 1027 19.
1596 992 1757 1028 abditum

267 1037 407 1071 auctore
442 1036 552 1072 dubio
592 1037 723 1072 tertius
762 1037 837 1082 ipse
874 1037 945 1071 iam

267 1081 410 1117 dubitas
434 1082 489 1124 52,
514 1083 547 1117 9.
593 1085 656 1127 qui
681 1082 725 1116 ab
748 1083 825 1127 ipso
850 1083 945 1127 prin-

266 1138 577 1217 trifaria&
586 1128 946 1209 13¹¹¹¹2⁰13¹333¹¹02¹331

289 1220 381 1254 otest
417 1219 598 1263 (latitudo)
635 1218 777 1262 90,17.
825 1221 945 1254 motus

265 1229 402 1299 brachii
435 1264 480 1299 ab
508 1264 644 1299 humeri
670 1264 869 1299 stabilitate
893 1266 946 1298 est

266 1310 378 1352 65,1
418 1320 439 1345 a
462 1309 667 1355 transfugio
695 1310 873 1354 refugium
897 1310 945 1345 fa-

267 1365 342 1390 cere
384 1355 465 1396 189,
507 1355 559 1390 14.
615 1366 636 1389 a
675 1355 833 1391 falsitate
880 1355 945 1390 sub

264 1400 416 1435 ueritate
451 1400 570 1436 cedere
608 1401 683 1443 189,
717 1401 770 1436 15.
814 1412 834 1435 a
869 1412 945 1436 sen-

265 1445 362 1481 sibus
398 1446 553 1491 corporis
593 1446 763 1481 adtollere
798 1446 854 1488 87,
891 1447 943 1482 18.

264 1501 389 1572 2113ss
415 1492 945 1573 issffiie'.spt⁰³i{3ffli9m2¹ffsi

749 1565 757 1581 ,
829 1563 838 1571 .

264 1593 333 1617 non
369 1581 529 1617 sistimur
565 1582 609 1618 ab
645 1583 772 1618 itinere
804 1583 879 1624 176,
913 1584 943 1618 7.

267 1628 360 1673 quod
377 1638 398 1662 a
414 1628 517 1663 nobis
533 1628 768 1673 disparascere
792 1628 944 1664 arbitra-

262 1674 355 1709 baris
385 1674 543 1716 171,12.
584 1673 628 1709 ab
653 1674 748 1709 hisce
772 1674 944 1709 doctrinis

264 1719 569 1763 degenerauerunt
587 1719 736 1762 136,11.
767 1719 811 1754 ab
829 1720 945 1755 aliena

263 1765 378 1809 magis
403 1765 613 1800 auctoritate
637 1765 786 1810 pendere
809 1765 865 1807 23,
889 1766 943 1801 20.

263 1809 425 1845 excidisti
450 1821 471 1844 a
494 1810 710 1863 proprietate
739 1811 840 1845 uerbi
863 1813 900 1846 et
924 1822 944 1846 a

263 1855 400 1890 ratione
432 1857 507 1890 ueri
541 1856 704 1899 106,17
740 1856 851 1890 centri
883 1867 943 1902 po-

263 1901 414 1936 tentiam
455 1901 498 1936 ab
539 1901 663 1936 stabili
702 1901 801 1936 radio
841 1902 944 1937 illum

263 1946 325 1990 qui
355 1947 608 1991 circumagitur
644 1946 783 1982 radium
821 1958 943 1992 regere

263 1992 319 2033 91,
345 1992 376 2026 5.
417 2002 580 2037 quaerere
604 2003 625 2027 a
648 1992 796 2027 formica
827 1994 943 2037 gradi-

262 2037 344 2072 endi
369 2037 553 2072 scientiam
578 2038 734 2080 108,19
777 2038 944 2074 inferiora

262 2093 283 2117 a
306 2083 546 2128 superioribus
579 2083 792 2118 adficiuntur
821 2084 874 2125 72,
902 2085 944 2120 18

263 2131 310 2172 (et
333 2129 443 2163 simili
465 2128 569 2164 modo
593 2130 766 2173 saepius)
803 2129 943 2175 (uitam)

262 2184 333 2208 non
379 2174 500 2208 amitti
548 2185 569 2208 a
616 2185 753 2219 corpore
802 2175 862 2216 72,
910 2176 942 2210 3.

261 2219 306 2253 ab
330 2229 406 2253 aere
434 2220 568 2264 aliquid
598 2221 736 2264 patitur
766 2220 862 2265 ignis
887 2222 943 2263 49,

260 2265 292 2299 4.
331 2266 488 2309 oportuit
518 2276 538 2300 a
569 2276 704 2300 summo
740 2265 829 2301 bono
867 2248 943 2301 fieri

260 2310 686 2401 Qagssfficfflnzuffi’
712 2311 755 2391 ἔτ
784 2312 941 2392 ὃὲἷθοξῗ

260 2400 392 2436 curitas
431 2412 452 2436 a
491 2402 616 2437 timore
656 2402 712 2444 82,
754 2383 807 2438 i4.
862 2403 940 2447 puri

260 2457 281 2480 a
320 2446 532 2491 contagione
578 2447 652 2482 eius
692 2448 823 2483 erimus
865 2449 940 2491 126,

259 2492 314 2527 28.
367 2493 570 2527 memineris
617 2494 762 2528 docendi
809 2505 939 2528 munus

259 2537 331 2572 tibi
356 2549 376 2572 a
399 2538 540 2582 proauis
576 2538 826 2573 hereditarium
865 2539 938 2573 fore
970 2536 973 2547 '

258 2583 337 2624 205,
365 2583 417 2617 19.
450 2594 471 2618 a
496 2594 564 2628 quo
590 2594 671 2618 uere
696 2585 808 2619 claret
833 2595 937 2629 quam

260 2638 430 2672 magnum
455 2629 586 2664 bonum
607 2640 718 2674 genus
743 2630 938 2664 humanum

259 2674 430 2718 neglegat
455 2674 529 2717 122,
549 2675 578 2710 6.
617 2675 660 2709 ab
678 2686 788 2720 usque
804 2675 939 2728 Pytha-

258 2730 344 2764 gora
375 2730 510 2764 semper
541 2720 743 2755 exstiterint
775 2721 835 2766 qui
862 2722 937 2764 101,

261 2765 314 2801 10.
355 2765 398 2800 ab
423 2765 575 2800 inuicem
602 2766 757 2809 170,16

1077 1036 1225 1118 ἒῧξοιιὲε
1266 1037 1341 1079 165,
1384 1037 1438 1074 12.
1477 1037 1603 1073 abdita
1641 1049 1756 1073 rerum

1010 1128 1182 1163 abducere
1219 1128 1429 1163 rationalem
1471 1129 1656 1171 (animum)
1697 1140 1760 1163 no-

1078 1175 1192 1208 strum
1216 1184 1237 1208 a
1262 1174 1408 1209 summis
1444 1174 1510 1209 ad
1525 1174 1597 1209 ima
1622 1174 1756 1217 5Ο,14.

1077 1229 1098 1254 a
1114 1219 1414 1263 contemplatione
1430 1230 1586 1255 summae
1602 1219 1758 1264 pulchri·

1077 1263 1213 1299 tudinis
1238 1264 1373 1306 79,12.

1010 1309 1138 1345 abhinc
1162 1311 1221 1354 (=
1243 1309 1325 1345 inde
1349 1310 1394 1345 ab
1419 1310 1483 1345 hoc
1508 1310 1596 1355 loco)
1624 1311 1758 1351 19,13.

1080 1355 1155 1397 131,
1182 1355 1315 1396 2-144,
1343 1356 1395 1391 19.
1431 1356 1505 1397 150,
1534 1357 1576 1391 15
1601 1356 1678 1399 (sed
1713 1356 1758 1390 ab

1077 1400 1142 1436 hoc
1166 1401 1240 1436 loco
1264 1401 1415 1446 55,17)
1445 1401 1574 1436 abhinc
1598 1402 1759 1446 superius

1078 1446 1135 1488 29,
1160 1447 1214 1481 21.
1254 1446 1383 1481 abhinc
1412 1447 1567 1482 locorum
1600 1447 1676 1490 141,
1705 1447 1756 1482 10.

1010 1492 1195 1527 abhorrere
1234 1492 1364 1527 absol..
1406 1492 1574 1527 abhorret
1620 1492 1757 1538 aliquid

1077 1537 1153 1572 illic
1183 1548 1255 1572 esse
1285 1540 1464 1572 terrenum
1495 1538 1572 1581 149,
1604 1538 1658 1574 21.

1009 1583 1165 1618 ablatiui
1187 1593 1276 1618 usus
1299 1584 1435 1619 rarior:
1465 1583 1560 1618 latus
1588 1584 1644 1618 est
1672 1583 1756 1618 duo-

1078 1628 1143 1663 bus
1166 1629 1314 1672 pedibus
1342 1629 1395 1672 70,
1419 1629 1452 1663 2.
1476 1629 1594 1674 longis
1611 1629 1758 1663 saeculis

1078 1675 1283 1726 quaerentes
1310 1675 1386 1717 101,
1412 1675 1444 1709 9.
1477 1674 1641 1719 angustis
1665 1684 1758 1709 ema—

1077 1719 1204 1754 nantia
1229 1720 1368 1755 uenulis
1394 1720 1447 1762 19,
1477 1721 1505 1754 1.
1535 1722 1666 1765 quanto
1682 1720 1759 1763 ipse

1078 1765 1163 1818 (aer)
1196 1766 1297 1810 aquis
1329 1766 1461 1800 eminet
1495 1766 1550 1808 72,
1575 1765 1631 1799 22.
1655 1775 1756 1810 opus-

1077 1810 1148 1845 culi
1172 1810 1277 1845 facies
1303 1811 1519 1855 quaestionis
1543 1811 1604 1845 uix
1621 1810 1756 1845 foribus

1076 1856 1241 1891 oberrans
1288 1856 1342 1898 24,
1391 1857 1444 1893 11.
1493 1856 1626 1891 bellum
1665 1856 1758 1900 pelle

1078 1901 1196 1936 animo
1220 1902 1274 1944 35,
1299 1903 1332 1937 8
1358 1902 1511 1936 animam
1528 1901 1683 1936 membro
1700 1901 1757 1935 de-

1077 1946 1143 1981 bili
1160 1947 1320 1982 localiter
1337 1947 1476 1991 pulsam
1493 1947 1548 1991 76,
1566 1947 1598 1982 3.
1624 1946 1757 1981 sancti·

1077 1994 1154 2027 tate
1185 1993 1371 2037 prolapsus
1397 1993 1473 2035 167,
1498 1993 1530 2029 9.
1573 1993 1667 2027 caelo
1701 1992 1757 2027 de-

1077 2038 1190 2073 iectus
1208 2038 1284 2080 167,
1303 2038 1356 2073 10.
1385 2039 1521 2073 sentem
1539 2037 1612 2072 solo
1630 2037 1758 2072 uellere

1080 2083 1156 2126 188,
1191 2083 1245 2118 12.
1284 2094 1374 2128 quae
1406 2083 1551 2129 (anima)
1577 2083 1756 2136 recesserit

1078 2139 1218 2209 3333<ssss
1245 2129 1334 2216 1¹0524:
1353 2129 1762 2209 232z.,}3ffi.¹1¹51f}3?.¹}.¹2

1077 2220 1364 2264 persuasionibus
1395 2221 1606 2264 puerascunt
1637 2221 1692 2262 21,
1724 2220 1755 2255 1.

1077 2268 1210 2300 certum
1241 2265 1362 2300 diuina
1394 2265 1604 2300 auctoritate
1627 2265 1755 2300 retine-

1075 2322 1153 2346 mus
1189 2311 1243 2354 57,
1284 2311 1336 2346 13.
1373 2310 1508 2345 animas
1548 2312 1754 2345 utrumnam

1075 2356 1300 2400 prouidentia
1324 2366 1369 2390 an
1386 2356 1478 2391 mole
1496 2366 1649 2390 censeres
1676 2355 1752 2397 107,

1076 2402 1128 2436 17.
1146 2402 1206 2436 ubi
1223 2402 1363 2446 legendi
1377 2412 1418 2445 pr
1421 2412 1565 2489 ofressu
1579 2401 1753 2445 reliquum

1074 2447 1236 2482 lectionis
1261 2447 1387 2482 accessi
1412 2446 1433 2481 2
1487 2446 1529 2481 14
1571 2448 1752 2481 transacto

1074 2492 1205 2536 frigore
1230 2492 1382 2527 brumali
1406 2503 1469 2536 per
1494 2492 1755 2527 conuersionem

1073 2538 1159 2573 caeli
1184 2549 1323 2573 recursu
1347 2537 1502 2572 siderum
1526 2538 1620 2572 calor
1637 2547 1754 2581 super-

1072 2594 1116 2618 ne
1148 2584 1292 2618 ueniens
1319 2583 1371 2626 72,
1399 2583 1453 2619 20
1483 2593 1503 2617 a
1528 2593 1594 2627 quo
1620 2582 1753 2617 dudum

1071 2639 1200 2673 magno
1232 2629 1421 2664 interuallo
1458 2628 1637 2673 digressus
1674 2638 1751 2662 sum

1074 2674 1150 2716 120,
1191 2675 1242 2710 13.
1278 2675 1403 2709 multis
1436 2673 1676 2708 uoluminibus
1712 2673 1753 2707 de

1071 2720 1318 2764 intellegendis
1342 2719 1445 2754 rebus
1464 2720 1656 2754 dissertans
1676 2717 1751 2759 105,

1072 2766 1101 2800 7.
1131 2765 1269 2800 Tullius
1294 2765 1386 2800 libro
1411 2765 1453 2800 de
1478 2766 1612 2800 oratore
1638 2765 1754 2808 primo
