1884 2998
1490 83 1574 113 xm

85 184 362 228 arithmeticis
391 186 431 237 b,
461 187 564 239 quid
593 188 651 239 M,
684 200 761 230 om.
793 188 895 238 rell„
929 189 1022 240 188,
1058 190 1108 231 16
1135 191 1377 243 praepedito
1405 192 1440 243 b,
1473 206 1573 246 pre-

84 253 170 294 dito
199 254 264 305 M,
301 254 494 308 praediti
523 255 590 297 uel
613 255 827 307 praedicti
857 256 942 297 fere
971 256 1060 297 rell.

142 332 326 386 Denique
348 333 529 375 codicem
550 335 596 376 M
617 335 834 387 permultis
857 334 958 376 locis
980 347 1073 376 cum
1094 336 1151 377 eis
1173 336 1302 386 libris,
1324 338 1394 391 qui
1414 341 1574 392 praeter

84 400 129 442 M
158 400 237 442 fide
268 400 500 455 dignissimi
530 402 709 444 habendi
740 403 839 444 sunt
871 403 977 456 (dico
1009 402 1178 457 GE⁹G)‚
1210 407 1440 459 conspirare
1458 407 1572 449 addi-

84 481 187 519 mus,
234 469 342 511 unde
387 471 485 523 quin
531 483 578 511 ex
621 470 778 523 optimo
824 471 937 513 fonte
980 472 1223 526 descriptus,
1270 485 1349 514 non
1395 486 1418 515 a
1458 476 1573 517 docto

82 536 255 579 librario
287 538 493 591 exemplar
523 538 694 581 fortasse
727 539 905 581 deterius
936 552 1008 581 suo
1028 539 1164 582 Marte
1194 540 1295 581 locis
1319 553 1441 594 supra
1472 542 1574 585 alla-

82 605 136 645 tis
167 608 277 647 recte
308 606 535 661 corrigente
566 608 754 649 exaratus
788 609 856 661 sit,
888 609 1068 650 dubitari
1098 621 1179 650 non
1210 611 1360 662 potest.

139 691 251 734 Haec
281 692 364 734 fere
395 693 569 735 dicenda
599 696 718 736 erant
739 694 788 736 de
810 694 961 737 codicis
993 695 1037 736 M
1066 695 1222 736 uirtute
1242 707 1290 736 ac
1311 696 1572 748 praestantia.

82 761 154 801 sed
199 762 354 814 quanta
398 761 453 802 sit
498 774 597 814 opus
637 761 822 804 cautione
860 764 903 804 in
942 774 986 804 eo
1018 763 1123 805 libro
1154 762 1395 814 adhibendo,
1436 775 1482 804 ex
1511 763 1576 804 in-

82 828 264 870 numeris
305 828 689 882 interpolationibus
721 833 761 872 et
792 830 953 872 mendis
985 831 1133 880 elucet,
1175 830 1322 884 quibus
1361 831 1440 872 iste
1469 830 1577 872 liber

80 908 152 949 pro
192 897 415 939 recentiore
456 910 537 951 qua
577 898 752 951 scriptus
795 901 858 940 est
893 899 1030 940 aetate
1060 899 1298 952 inquinatus
1329 901 1403 942 est.
1452 901 1575 954 atque

81 966 128 1006 ut
156 965 338 1018 primum
370 966 419 1008 de
449 966 836 1021 interpolationibus
868 966 1036 1009 consilio
1067 967 1190 1009 factis
1222 968 1492 1020 disputemus,
1530 981 1576 1009 ex

80 1033 282 1075 immenso
315 1047 455 1076 earum
494 1047 663 1077 numero
702 1036 773 1077 has
811 1035 1107 1090 deprompsisse
1145 1036 1246 1076 satis
1284 1036 1380 1077 erit:
1427 1035 1490 1086 10,
1524 1035 1577 1077 14

80 1102 187 1154 quod
216 1103 334 1143 cuius
356 1103 543 1155 periculi
571 1104 637 1158 sit]
671 1117 707 1156 q.
741 1117 775 1145 c.
801 1103 1042 1156 periculum
1071 1116 1103 1146 s.
1136 1103 1201 1153 M,
1244 1104 1308 1153 10,
1346 1104 1396 1145 16
1425 1104 1475 1145 in
1503 1104 1574 1145 hoc

81 1172 285 1212 tractatus
306 1171 439 1212 nostri
457 1172 588 1227 statu]
621 1172 669 1213 in
704 1171 777 1213 hoc
805 1174 993 1213 tractatu
1022 1171 1078 1223 M,
1113 1172 1176 1222 11,
1199 1171 1227 1213 4
1253 1172 1381 1226 uaya]
1415 1185 1577 1214 uacans

78 1238 146 1291 M,
194 1239 261 1290 11,
295 1240 346 1281 13
392 1237 559 1296 cogitat]
602 1241 801 1295 coyitauit
838 1240 885 1281 M
930 1241 1095 1294 propter
1138 1252 1313 1293 sequens
1359 1239 1573 1292 satisfecit,

83 1307 148 1359 13,
183 1309 204 1349 1
252 1308 439 1350 libertati
482 1310 726 1365 operantur]
776 1309 1005 1351 libertatem
1042 1322 1076 1351 o.
1116 1308 1183 1364 M,
1229 1309 1293 1361 13,
1326 1308 1353 1350 5
1397 1308 1577 1361 coqitata

78 1389 218 1418 rerum
255 1378 396 1419 causis
426 1378 636 1433 concepta]
680 1391 712 1419 c.
743 1391 779 1419 r.
811 1391 844 1420 c.
876 1377 1080 1431 conceptis
1110 1378 1175 1427 M,
1223 1377 1286 1429 14,
1320 1376 1346 1418 9
1375 1375 1435 1433 ut]
1469 1378 1577 1430 quod

78 1445 144 1494 M,
193 1445 257 1496 14,
293 1446 343 1487 17
382 1444 590 1502 describit]
630 1445 853 1498 descripsit
887 1445 953 1496 M,
1002 1445 1067 1496 15,
1101 1445 1153 1487 12
1191 1445 1350 1499 corpus]
1389 1445 1478 1497 ipse
1515 1445 1573 1494 M,

81 1513 147 1564 17,
189 1512 241 1553 15
280 1513 445 1556 nullius
482 1514 686 1569 facturae]
726 1513 848 1555 nulla
882 1515 1052 1563 factura
1080 1512 1146 1568 M,
1194 1514 1259 1565 19,
1290 1513 1316 1554 3
1351 1513 1578 1566 fraudatus

77 1581 272 1635 temporis
302 1585 339 1624 et
368 1585 591 1636 occupatus
621 1581 772 1639 animi]
811 1583 844 1636 f.
886 1584 1062 1635 tempore
1092 1584 1129 1623 et
1158 1594 1193 1623 0.
1224 1581 1367 1623 animo
1397 1582 1461 1633 M,
1507 1581 1574 1634 23,

81 1649 133 1691 19
163 1649 202 1690 si
241 1650 397 1692 eosdem
434 1652 576 1692 artum
613 1650 915 1703 disputationis
952 1649 1160 1704 includat]
1200 1649 1238 1691 si
1275 1649 1431 1691 eosdem
1459 1652 1574 1691 artos

78 1717 391 1773 disputaciones
419 1718 644 1761 includant
673 1718 718 1759 M
738 1718 785 1773 ¹).

134 1805 244 1858 Quas
281 1806 618 1859 interpolationes
659 1817 704 1846 eo
745 1805 911 1847 consilio
952 1805 1084 1847 factas
1125 1817 1208 1846 esse
1244 1816 1268 1846 a
1307 1803 1487 1854 librario,
1527 1805 1573 1845 ut

78 1874 203 1916 uerba
233 1875 300 1916 uel
330 1876 455 1916 etiam
485 1874 701 1916 enuntiata
722 1887 767 1916 ex
788 1886 863 1915 sua
884 1875 1089 1915 sententia
1110 1875 1302 1927 corrupta
1322 1873 1569 1922 emendaret,

78 1943 209 1995 primo
241 1943 389 1984 obtutu
419 1942 693 1995 intellegitur.
733 1943 905 1983 eandem
927 1944 976 1984 ob
998 1954 1162 1983 causam
1192 1941 1260 1982 uel
1290 1941 1570 1983 additamenta

216 2104 240 2147 ¹)
266 2102 307 2137 cf.
334 2104 513 2146 praeterea
536 2103 592 2143 26,
620 2103 662 2138 15
685 2102 890 2137 indicatum
914 2102 1044 2147 uoluit]
1069 2102 1235 2136 indicare
1258 2113 1294 2136 u.
1319 2101 1356 2135 M
1381 2101 1534 2144 (ef.111‚
1552 2102 1572 2135 7

74 2159 267 2202 probatum
291 2160 393 2204 uelis]
415 2160 577 2203 probare
602 2170 641 2194 u.
667 2159 729 2200 M),
769 2160 825 2202 32,
851 2160 892 2193 15
926 2160 995 2194 alti
1020 2159 1216 2202 prolapsus
1240 2159 1382 2202 erroris]
1414 2159 1487 2193 alto
1513 2169 1574 2203 pr.

77 2226 198 2250 errore
227 2215 282 2257 M,
322 2217 377 2258 51,
409 2217 455 2250 25
486 2227 622 2251 omnem
654 2216 728 2261 qui]
762 2227 865 2251 omne
896 2215 991 2260 quod
1021 2216 1067 2257 M,
1107 2216 1159 2257 71,
1185 2216 1205 2249 6
1237 2215 1354 2259 confit]
1387 2216 1575 2259 conficitur

77 2273 131 2316 M,
168 2273 245 2316 122,
277 2275 320 2309 19
352 2274 597 2318 diuinitatem]
631 2274 881 2309 aeternitatem
912 2274 966 2315 M,
1004 2273 1080 2315 143,
1112 2272 1157 2307 20
1188 2272 1574 2307 transmiserint—si-

76 2334 208 2365 stentes
220 2350 264 2356 —
277 2331 514 2367 tranauerint
528 2352 566 2357 —
585 2331 818 2375 constiterint]
845 2324 1086 2364 transmiserit
1103 2348 1146 2354 —
1161 2329 1288 2363 sistens
1306 2349 1347 2353 —
1364 2329 1574 2363 tranauerit

78 2407 121 2413 —
137 2388 335 2423 constiterit
360 2388 413 2431 M,
456 2388 532 2430 146,
556 2388 579 2422 4
610 2387 726 2432 sodes]
752 2388 784 2421 si
807 2387 919 2421 audes
942 2386 995 2427 M,
1038 2386 1115 2428 149,
1144 2385 1185 2419 14
1214 2385 1440 2428 spectamini]
1471 2395 1574 2428 aspe-

76 2445 151 2479 ctui
182 2445 237 2486 M,
280 2445 355 2487 151,
380 2446 401 2479 9
433 2445 530 2480 datis
559 2445 699 2489 aliquot
728 2444 886 2488 indiciis]
914 2444 947 2478 d.
973 2443 1153 2487 aliquibus
1175 2442 1198 2476 i,
1223 2441 1278 2483 M,
1320 2441 1394 2482 152,
1421 2441 1463 2474 12
1494 2451 1574 2475 cum

77 2512 225 2546 corpore
248 2513 298 2536 an
321 2502 399 2536 sine
423 2502 583 2546 corpore]
608 2502 687 2536 siue
711 2502 752 2535 in
777 2510 925 2544 corpore
949 2500 1026 2534 siue
1050 2502 1153 2533 extra
1177 2507 1307 2541 corpus
1337 2496 1392 2538 M,
1429 2496 1503 2537 156,
1531 2494 1571 2528 12

76 2559 296 2603 iynorantis]
322 2559 514 2593 nescientis
538 2559 593 2599 M,
630 2557 706 2600 189,
732 2557 775 2591 10
800 2567 910 2592 causa
934 2556 1001 2600 tui]
1036 2555 1156 2590 causis
1180 2553 1254 2588 tuis
1278 2552 1332 2596 Μ,
1368 2552 1411 2586 cf.
1436 2552 1491 2594 21,
1515 2551 1571 2585 24.

77 2615 132 2657 24,
158 2616 210 2650 11.
236 2615 290 2657 26,
315 2616 346 2649 4.
376 2616 427 2650 11.
454 2616 507 2650 17.
532 2616 587 2657 30,
616 2616 667 2650 13.
694 2615 749 2656 35,
773 2614 805 2648 2.
832 2614 883 2648 17.
909 2613 1037 2656 46,15.
1061 2612 1116 2654 47,
1144 2611 1195 2646 12.
1220 2610 1274 2652 54,
1299 2610 1329 2644 5.
1356 2609 1411 2651 66,
1438 2608 1490 2643 10.
1518 2608 1570 2648 70,

77 2673 108 2706 5.
135 2672 188 2714 73,
215 2673 267 2707 13.
295 2673 347 2714 74,
373 2673 404 2707 5.
433 2673 507 2714 158,
535 2673 566 2708 1.
