1884 2998
214 158 268 201 68
726 155 975 192 Claudiani
1000 156 1210 192 Mamerti

211 294 289 337 pus
319 282 436 325 uidet
466 283 508 325 et
537 283 628 325 tota
657 281 842 325 uisorum
872 283 1018 325 recolit
1039 285 1080 325 et
1099 284 1188 325 tota
1208 284 1328 326 audit
1350 283 1392 326 et
1412 283 1502 327 tota
1523 296 1718 328 sonorum

211 351 497 394 reminiscitur
527 352 569 394 et
598 351 689 394 tota
718 351 912 393 odoratur
943 353 984 393 et
1014 353 1103 395 tota
1133 353 1305 394 odorum
1336 352 1533 395 meminit
1564 356 1606 395 et
1629 354 1723 396 tota

211 431 284 475 per
314 419 505 475 linguam
536 421 675 474 atque,
706 422 755 462 ut
785 420 932 462 uolunt
963 420 1049 471 alii,
1080 433 1154 474 per
1183 421 1371 476 palatum
1402 433 1567 476 sapores
1590 423 1719 465 sentit

213 489 454 543 eosdemque
492 489 687 532 discernit
728 489 771 530 et
811 490 902 531 tota
940 489 1077 543 tangit
1113 489 1222 532 lenia
1258 502 1444 544 quaeque
1484 490 1527 532 et
1557 502 1715 544 aspera,

211 559 302 599 tota
331 557 481 611 probat
511 558 635 611 atque
657 556 862 612 inprobat.
908 556 1064 599 mirum
1090 559 1231 600 autem
1252 558 1420 601 uidetur
1441 558 1558 601 iuxta
1578 571 1716 601 neces·
1749 573 1766 597 ε»

212 626 382 669 sitatem
412 626 641 669 localitatis
672 628 921 680 temporum,
954 626 1065 667 sicut
1086 638 1210 680 supra
1231 627 1422 678 disserui,
1446 628 1553 680 quod
1575 627 1718 669 anima

210 697 349 737 totum
379 706 524 748 corpus
555 695 644 737 tota
673 695 842 748 uegetat
872 694 912 736 et
943 694 1031 736 toto
1062 694 1333 737 nihilominus
1357 695 1526 737 uiuente
1547 707 1716 749 corpore

210 765 380 818 totoque
425 764 629 805 sentiente
672 775 745 816 per
790 762 1010 805 minimam
1055 765 1218 816 partem
1265 763 1459 817 corporis,
1510 763 1617 817 quod
1654 764 1720 805 est

212 832 343 885 uisus,
374 832 462 874 tota
493 832 620 874 simul
650 830 803 886 accipit
833 830 985 873 formas
1017 832 1059 873 et
1089 844 1160 885 per
1192 831 1376 874 eiusdem
1409 832 1587 885 corporis
1624 844 1719 885 par-

211 901 310 951 tem,
342 901 450 955 quod
480 901 544 943 est
574 900 756 950 auditus,
788 900 876 943 tota
897 900 1023 942 simul
1043 900 1196 954 accipit
1215 912 1336 943 uoces
1363 902 1405 942 et
1427 913 1499 954 per
1521 900 1718 953 exiguum
1733 917 1768 943 ιο

212 970 377 1012 narium
426 969 662 1012 membrum
706 969 834 1012 sentit
879 971 967 1012 tota
1022 969 1265 1025 fraglantias
1311 970 1353 1012 et
1396 983 1468 1023 per
1518 969 1717 1024 gustandi

212 1050 379 1079 sensum
410 1039 500 1080 tota
530 1038 729 1080 diiudicat
750 1050 944 1092 saporum
975 1037 1228 1080 differentias
1258 1040 1298 1080 et
1319 1038 1456 1080 calida
1477 1039 1544 1080 uel
1565 1037 1719 1091 frigida

212 1117 373 1148 summo
418 1106 585 1148 tantum
623 1105 745 1161 digiti
785 1107 876 1149 tota
920 1107 1129 1150 discernit.
1180 1108 1217 1149 si
1256 1119 1352 1162 ergo
1397 1106 1586 1149 localiter
1624 1108 1718 1149 tota

211 1174 328 1217 adest
359 1174 476 1217 oculo
506 1175 555 1216 ut
583 1173 738 1227 uideat,
771 1186 850 1228 quo
881 1175 1000 1217 modo
1033 1175 1222 1218 omnibus
1253 1175 1379 1218 simul
1410 1175 1597 1217 sensibus
1628 1176 1719 1217 tota

211 1255 290 1286 non
328 1245 454 1296 deest,
495 1245 542 1286 ut
580 1244 733 1298 ubique
764 1244 856 1286 tota
887 1244 1041 1286 sentiat
1073 1246 1115 1286 et
1147 1244 1333 1299 singulas
1365 1243 1548 1297 corporis
1578 1245 1717 1297 partes
1732 1257 1768 1284 ιε

211 1322 290 1353 non
320 1311 508 1365 partibus
548 1311 647 1363 suis,
688 1312 759 1354 sed
789 1313 878 1354 tota
907 1324 949 1354 se
980 1313 1146 1365 uegetet
1176 1312 1218 1354 et
1248 1325 1321 1365 per
1353 1312 1563 1354 diuersum
1593 1311 1718 1354 simul

212 1379 301 1422 tota
331 1379 568 1423 sentificet?
608 1392 702 1422 cum
733 1392 828 1434 ergo
859 1380 961 1422 haec
992 1380 1173 1422 animam
1203 1379 1393 1422 localiter
1423 1381 1595 1423 actitare
1625 1392 1717 1434 per-

214 1449 408 1504 suaseris,
439 1451 542 1490 tunc
571 1447 749 1491 localem
779 1447 885 1489 mihi
917 1448 1091 1491 eandem
1121 1449 1189 1490 uel
1220 1449 1413 1502 partilem
1434 1448 1717 1503 persuadebis.

212 1516 254 1558 et
298 1516 439 1559 tamen
484 1517 587 1559 haec
632 1517 767 1559 adhuc
812 1516 953 1559 omnia
996 1516 1153 1558 homini
1199 1517 1438 1570 belluaeque
1486 1518 1719 1560 communia

210 1587 322 1628 sunt.
1732 1602 1771 1628 20

864 1776 1068 1831 XVIIII.

425 1909 487 1939 DE
517 1909 664 1940 ANIMA
697 1909 806 1948 QVIA
838 1909 1116 1948 QVANTITATI
1147 1909 1241 1940 NON
1271 1908 1504 1940 SVBIACET.

268 2000 402 2055 Igitur
440 2001 476 2043 si
514 2000 750 2043 inlocalitas
789 2002 953 2044 animae
992 2001 1061 2043 uel
1092 2002 1354 2056 aliquatenus
1385 2001 1589 2055 adparuit,
1623 2014 1717 2043 cum

212 2071 393 2112 nondum
415 2071 464 2112 de
494 2070 728 2124 principali,
759 2070 836 2112 hoc
866 2072 930 2113 est
956 2071 1004 2112 de
1026 2071 1219 2113 rationali
1241 2071 1378 2112 nostro
1401 2070 1716 2123 disputauerim,

212 2138 256 2179 in
288 2150 365 2191 quo
397 2138 540 2192 utique
570 2139 884 2193 incorporalitas
916 2141 1040 2193 atque
1071 2139 1307 2183 inlocalitas
1338 2139 1487 2180 clarius
1514 2138 1768 2181 elucebitzar»

282 2330 299 2364 1
326 2329 455 2364 recolet
478 2329 641 2365 BCHR¹
780 2330 802 2365 2
826 2329 993 2365 adoratur
1021 2331 1050 2365 Ο
1184 2331 1206 2366 3
1231 2331 1365 2376 saporis
1390 2331 1441 2367 R¹
1578 2332 1600 2366 4
1625 2332 1718 2367 lenia

211 2402 368 2437 quaeque
392 2392 485 2434 Mb,
525 2392 673 2437 lenaque
698 2392 782 2435 HS,
820 2393 985 2437 leniaque
1005 2393 1081 2428 rell.
1101 2397 1135 2428 et
1154 2393 1251 2436 Sch„
1290 2393 1383 2428 leuia
1402 2404 1559 2439 quaeque
1578 2395 1625 2438 12²

211 2456 231 2490 7
256 2455 347 2501 toto]
373 2456 451 2490 tota
481 2455 628 2491 GDEF
756 2456 776 2490 9
802 2457 936 2501 accepit
960 2456 996 2491 R
1125 2456 1290 2501 corporis]
1317 2457 1453 2491 formae
1479 2457 1563 2492 add.
1589 2458 1625 2492 R

212 2518 255 2553 10
290 2519 407 2552 totum
443 2517 626 2553 ABGHR
768 2519 807 2553 11
844 2518 1059 2563 fraglantias
1095 2518 1327 2556 DEF²MS².
1372 2519 1581 2563 flagrantias
1618 2520 1718 2563 rell.,

209 2579 424 2625 fragrantias
450 2580 604 2615 editores
745 2580 787 2615 13
812 2580 920 2625 digiti
946 2581 1037 2624 Mb,
1063 2581 1109 2624 cf.
1128 2591 1215 2626 pay.
1240 2583 1295 2624 73,
1322 2583 1362 2624 6,
1411 2581 1525 2626 digito
1549 2584 1624 2618 rell.

211 2644 254 2678 16
287 2654 322 2678 se
354 2654 422 2681 om.
449 2642 527 2678 8σῆ.
669 2644 710 2678 17
736 2643 916 2678 sentificat
940 2643 1056 2678 BDF
1190 2654 1272 2688 ergo
1306 2654 1372 2679 om.
1406 2643 1436 2678 S
1568 2646 1716 2680 accitare

209 2707 246 2743 R
423 2707 466 2741 18
501 2705 712 2741 llllsuadebis
750 2709 842 2751 (erat
877 2707 935 2741 uel
971 2708 1012 2741 in
1047 2707 1196 2751 rasura)
1233 2707 1269 2742 R
1431 2707 1473 2741 19
1511 2707 1719 2742 hominibus

216 2768 282 2806 OG
419 2769 464 2804 23
489 2769 708 2814 aliquatinus
735 2769 764 2804 S
898 2770 943 2804 24
971 2770 1014 2805 de
1039 2773 1123 2805 ante
1147 2769 1336 2814 principali
1362 2778 1427 2804 om.
1453 2770 1527 2804 Mb
