1884 2998
575 91 636 126 De
660 93 791 127 statu
815 93 990 128 animae
1020 94 1080 130 III
1107 94 1139 129 3.
1527 97 1607 141 157

104 229 224 259 nemo
254 217 336 260 nisi
368 217 535 272 ignarus
565 217 762 272 opinatur
793 219 834 259 et
859 218 1096 273 ignorantia
1117 221 1180 261 est
1201 219 1370 263 aduersa
1393 221 1602 276 scientiae,

104 288 164 337 tu,
196 286 265 338 qui
297 298 343 327 ex
374 286 577 340 opinionis
610 287 767 328 incerto
789 287 851 328 uis
883 287 1043 329 certam
1073 287 1180 330 ferre
1209 290 1457 333 sententiam
1487 293 1528 333 et
1556 292 1605 334 de

104 353 168 396 his
206 354 323 396 uelut
362 355 495 396 sciens
536 354 801 408 pronuntiare
846 366 950 409 quae
991 356 1136 408 nescis,
1178 358 1432 400 conuinceris
1464 359 1607 401 docere

104 421 211 476 quod
241 423 384 465 nescis.
436 423 593 466 nescire
636 423 766 478 igitur
797 423 917 466 doces
955 436 1129 478 cumque
1160 426 1310 467 nesciri
1340 438 1456 479 posse
1487 426 1606 482 dicis,

77 490 249 532 sdocere
290 493 529 544 praesumis.
581 491 633 533 da
673 491 802 544 nobis,
852 504 1118 546 quaesumuS‚
1164 495 1328 536 ueniam
1372 494 1607 537 nolentibus

104 559 258 600 discere
287 559 568 601 nescientiam.

816 708 900 761 ΠΙ.

103 832 212 871 QVIA
242 831 338 862 NON
368 832 624 862 LOCALITER
654 832 826 863 CORPVS
857 832 1086 864 CONTINET
1116 833 1313 872 ANIMAM,
1345 834 1430 864 SED
1459 834 1607 865 ANIMA

105 901 331 933 CONTINET
362 900 533 932 CORPVS
570 901 878 932 INLOCALITER.
917 902 975 931 ET
1007 902 1133 932 OMNE
1172 902 1297 941 QVOD
1327 903 1408 933 EST
1438 903 1529 933 AVT
1559 903 1608 934 m

62 977 95 1003 10
282 969 332 1000 SE
361 968 442 999 EST
472 969 563 999 AVT
594 969 852 1000 SVBIECTVM
882 970 973 1000 AVT
1002 971 1052 1000 IN
1085 969 1303 1002 SVBIECTO
1336 971 1431 1003 EST.

161 1060 275 1103 Dicis
326 1073 422 1115 ergo
473 1061 654 1102 animam
705 1073 871 1115 corpore
917 1062 1128 1104 contineri.
1189 1064 1491 1117 numquidnam
1538 1062 1608 1104 uel

104 1130 375 1183 apostolicum
405 1129 511 1171 illud
542 1129 620 1172 tibi
649 1130 692 1171 in
722 1132 906 1173 mentem
933 1131 1072 1172 uenire
1103 1143 1186 1172 non
1217 1132 1369 1184 debuit,
1406 1130 1514 1185 quod
1544 1130 1608 1172 di-

103 1202 216 1240 ctum
247 1200 329 1240 est:
371 1199 419 1240 et
454 1198 499 1239 si
538 1197 770 1240 exterior
809 1198 959 1240 homo
1000 1201 1179 1241 noster
1225 1199 1608 1252 corrumpitur,

103 1268 187 1308 sed
218 1266 446 1308 interior
484 1269 801 1308 renouatur?
842 1279 963 1308 omne
1007 1268 1116 1321 quod
1146 1268 1224 1319 est,
1250 1268 1298 1310 ut
1327 1267 1512 1310 breuiter
1543 1266 1608 1308 di-

59 1347 258 1385 meamus,
302 1334 374 1376 aut
418 1334 462 1375 in
493 1346 536 1376 se
577 1337 649 1377 aut
689 1334 923 1377 subiectum
969 1337 1041 1377 aut
1071 1335 1116 1377 in
1146 1335 1331 1377 subiecto
1364 1337 1440 1377 est.
1490 1335 1535 1376 in
1565 1346 1609 1377 se

104 1407 166 1445 est
195 1403 307 1454 deuS‚
340 1404 383 1444 in
413 1403 535 1444 rebus
568 1403 847 1456 corporalibus
884 1403 1118 1447 subiectum
1152 1406 1215 1446 est
1246 1416 1392 1457 corpus
1424 1405 1466 1446 et
1496 1403 1606 1446 color

103 1471 280 1525 corporis
310 1472 354 1512 in
384 1471 585 1525 subiecto,
617 1472 662 1513 in
694 1473 940 1525 incorporeis
971 1472 1134 1514 animus
1166 1473 1207 1514 et
1238 1468 1473 1525 disciplina,
1497 1484 1603 1525 quae

101 1540 162 1582 ita
191 1539 273 1582 sibi
303 1552 405 1581 nexa
435 1543 545 1591 sunt,
584 1542 631 1582 ut
662 1553 737 1582 nec
768 1541 855 1582 sine
887 1540 1020 1582 colore
1060 1552 1205 1594 corpus
1236 1552 1312 1582 nec
1342 1540 1430 1582 sine
1475 1540 1600 1582 disci-

102 1609 216 1663 plina
260 1608 316 1650 sit
359 1609 575 1651 rationalis
622 1609 799 1660 animus,
850 1608 971 1651 modo
1018 1611 1065 1650 tu
1104 1608 1271 1659 uideris,
1317 1608 1388 1663 qui
1423 1608 1608 1650 animam

58 1696 91 1721 20
104 1688 250 1730 corpus
280 1689 367 1719 esse
396 1678 438 1719 et
468 1677 642 1719 eandem
682 1678 955 1731 superiectam
990 1676 1035 1719 in
1066 1676 1250 1719 subiecto
1281 1688 1446 1730 corpore
1476 1676 1610 1718 conti-

103 1745 191 1788 neri
223 1746 368 1795 credis,
399 1748 639 1787 utrumnam
670 1745 842 1798 probare
873 1746 1089 1788 ualeamus
1120 1757 1287 1788 manere
1316 1746 1424 1799 quod
1444 1744 1488 1786 in
1509 1744 1610 1786 sub-

103 1815 208 1857 iecto
240 1815 301 1857 est
329 1816 418 1869 ipso
448 1815 681 1857 intereunte
711 1814 913 1869 subiectO,
966 1814 1065 1868 quia
1097 1815 1134 1856 si
1165 1826 1328 1868 corpore
1361 1814 1608 1864 continetur,

104 1883 196 1938 ipsa
234 1884 277 1925 in
316 1895 389 1925 suo
430 1883 661 1937 superiecta
691 1883 875 1925 subiecto
910 1884 984 1933 est,
1016 1895 1090 1924 nec
1121 1894 1289 1924 manere
1321 1881 1474 1935 poterit
1505 1893 1608 1934 quae

104 1953 336 1994 continetur
383 1951 457 1993 illo
509 1954 707 2005 pereunte
759 1951 830 2005 qui
881 1951 1082 1994 continet.
1134 1952 1206 1993 sed
1251 1950 1354 1993 dicit
1399 1949 1608 2004 apostolus

242 2076 285 2111 13
314 2076 352 2111 II
377 2075 455 2111 Cor.
479 2077 513 2118 4,
543 2076 586 2110 16

173 2189 195 2223 2
224 2190 265 2223 tu
289 2189 351 2233 qui
382 2189 432 2224 M
438 2189 476 2230 b,
516 2191 625 2232 tuque
656 2187 735 2223 rell,
875 2187 979 2231 ferre]
1005 2186 1117 2221 facere
1142 2186 1173 2222 S
1305 2186 1327 2221 3
1351 2198 1430 2222 cum
1453 2186 1604 2222 uinceris

104 2245 142 2282 R
276 2246 300 2280 4
324 2256 404 2280 cum
428 2245 523 2290 quod
549 2245 628 2280 Sch.
761 2245 894 2279 nescire
916 2244 999 2279 libri
1017 2248 1166 2288 praeter
1195 2243 1308 2280 GGM
1443 2244 1464 2279 5
1489 2243 1603 2278 dicere

100 2314 129 2348 p
244 2303 266 2338 6
289 2303 481 2337 nescientia
504 2301 723 2337 ABHLRS
836 2301 881 2336 12
904 2302 1022 2336 mente
1045 2301 1082 2337 R
1199 2301 1242 2336 13
1266 2300 1455 2345 corripitur
1477 2300 1520 2335 Η

106 2360 341 2404 corrumpitur
365 2362 485 2394 noster
517 2359 546 2394 S
678 2360 722 2394 14
750 2359 945 2394 inllslterior
975 2358 1013 2393 R
1149 2358 1262 2393 dicam
1287 2357 1372 2392 libri
1391 2360 1538 2402 praeter
1561 2356 1613 2392 M

106 2420 139 2452 et
163 2417 241 2452 sch.
380 2417 422 2451 15
447 2417 497 2460 se]
524 2417 577 2451 est
601 2416 686 2450 add.
710 2416 754 2459 10²
893 2416 936 2450 16
967 2414 1207 2459 corporalibus
1230 2413 1386 2455 DEFS,
1427 2414 1601 2458 corporeis

109 2474 180 2516 Gb,
217 2473 418 2518 corporibus
442 2473 521 2508 rell.
658 2472 701 2507 17
727 2472 953 2517 incorporeis]
980 2472 1150 2516 corporeis
1169 2482 1198 2516 p
1329 2471 1372 2506 18
1395 2471 1494 2515 nexa]
1518 2471 1607 2505 nota

101 2532 147 2574 10²
282 2531 507 2574 ut—-corpus
539 2539 604 2564 om.
637 2529 698 2564 Μι
837 2529 880 2564 19
903 2528 1088 2564 rationalis
1113 2527 1239 2570 MRb,
1280 2527 1503 2562 rationabilis
1527 2527 1606 2563 rell.

106 2591 140 2621 et
164 2587 242 2622 Βοὴ.
381 2588 466 2632 quia
496 2587 581 2622 libri
599 2590 752 2631 praeter
784 2587 834 2621 Μ
966 2586 1007 2621 21
1035 2596 1182 2632 prouare
1208 2584 1276 2627 H¹,
1315 2594 1465 2630 puocare
1493 2584 1524 2619 0

104 2643 150 2678 22
174 2645 379 2679 interuente
402 2644 439 2680 R
553 2644 598 2678 23
622 2644 780 2678 subiecto
806 2643 963 2678 subiecta
987 2643 1023 2678 A
1143 2641 1260 2686 potuit
1283 2642 1321 2677 R
1441 2641 1486 2677 24
1510 2650 1607 2685 prae-

105 2702 211 2736 eunte
234 2701 254 2735 b
391 2701 464 2746 qui]
490 2702 584 2745 quod
612 2701 657 2742 G,
699 2711 789 2745 quae
814 2700 852 2737 R
