1884 2998
240 129 319 172 198
749 128 992 165 Claudiani
1016 130 1227 167 Mamerti

728 664 1249 739 CiLAVDIANI

279 830 735 906 MAMERTI
812 834 1354 909 EPISTVLAE
1432 836 1691 911 DVAE.

659 999 1028 1102 EPISTVLA
1082 1039 1307 1103 PRIoR.

515 1197 805 1229 CLAVDIANVS
835 1198 1019 1229 SIDONIO
1055 1200 1202 1230 PAPAE
1234 1199 1457 1231 SALVTEM.

291 1289 335 1332 Si
363 1289 559 1343 possibile
581 1289 696 1332 factu
719 1290 840 1344 esset,
874 1293 920 1333 ut
944 1294 982 1332 te
1005 1291 1220 1332 dominum
1241 1304 1382 1333 meum
1403 1291 1470 1333 uel
1491 1291 1740 1345 aliquotiens

235 1359 542 1412 aliquantulum
583 1358 862 1413 conuenirem,
902 1371 984 1401 non
1024 1360 1243 1401 undeunde
1278 1361 1569 1413 quarumpiam
1599 1373 1740 1414 perso-

234 1440 382 1469 narum
421 1429 495 1470 aut
532 1427 770 1469 uoluntates
811 1429 886 1469 aut
922 1428 1197 1470 necessitates
1232 1429 1498 1483 inquirerem,
1530 1429 1602 1471 sed
1633 1442 1739 1483 quae
1769 1445 1786 1472 5

232 1497 278 1538 in
317 1509 403 1538 rem
441 1494 573 1539 debiti
603 1496 687 1538 mei
717 1496 811 1538 usui
845 1496 948 1538 mihi
983 1509 1072 1538 esse
1104 1501 1282 1551 possent.
1336 1497 1487 1551 quippe
1518 1497 1737 1540 reuisionis

233 1565 415 1619 potestas
454 1566 600 1608 multis
634 1564 768 1607 modis
799 1576 848 1607 ac
877 1564 1040 1608 miseris
1071 1565 1240 1619 perinde
1271 1566 1405 1608 causis
1435 1566 1740 1608 intercluditur.

234 1633 443 1676 enimuero
483 1633 690 1677 scribendi
727 1634 905 1675 facultas
945 1635 1017 1675 aut
1046 1646 1137 1676 raro
1168 1634 1313 1676 idonea
1343 1633 1531 1689 subpetit
1562 1635 1635 1677 aut
1665 1647 1742 1678 nec

235 1703 430 1757 subpetit.
481 1702 564 1745 ista
601 1702 702 1744 haec
743 1702 886 1744 eadem
919 1701 1187 1744 remissibilia
1226 1701 1311 1744 sint
1340 1715 1481 1754 necne,
1511 1703 1602 1745 tute
1630 1704 1741 1746 iudi-

235 1773 355 1814 caris.
406 1782 524 1825 porro
554 1772 694 1812 autem
723 1782 820 1812 uero
853 1771 961 1823 quod
993 1782 1285 1823 saepenumero
1306 1770 1471 1824 scriptis
1491 1772 1644 1814 uestris
1665 1772 1739 1814 alii
1752 1790 1787 1817 ιο

234 1840 528 1894 inpertiuntur‚
562 1841 631 1894 qui
662 1840 704 1881 id
734 1840 872 1893 ipsum
903 1851 977 1881 nec
1006 1839 1198 1882 ambiunt
1230 1852 1354 1893 quam
1389 1842 1567 1894 egomet,
1600 1841 1739 1883 forsan

236 1922 310 1952 nec
347 1911 557 1952 merentur
595 1909 785 1962 ampliuS‚
826 1917 908 1950 non
946 1908 1123 1951 arbitror
1153 1908 1361 1951 amicitiae
1396 1909 1558 1963 legibus
1587 1910 1739 1963 inpune

308 2093 325 2127 1
352 2092 457 2127 Haec
480 2091 639 2136 epistula
661 2090 796 2136 leqitur
819 2090 917 2126 inter
940 2091 1115 2135 epistulas
1139 2091 1287 2127 Sidonii
1303 2092 1536 2137 Apollinaris
1551 2092 1631 2127 libr.
1650 2090 1747 2127 IIII

235 2160 288 2195 ep.
317 2149 378 2184 II.
417 2148 572 2184 adhibui
600 2148 650 2183 ad
680 2151 819 2183 textum
850 2148 1142 2183 constituendum
1171 2149 1281 2184 libros
1303 2149 1572 2194 manuscriptos
1596 2149 1742 2184 Sidonii

234 2207 317 2242 hos:
359 2205 436 2241 cod.
469 2205 592 2241 Paris.
625 2207 741 2241 18584
771 2215 862 2240 saec.
887 2205 929 2240 X
951 2205 1033 2249 (A),
1074 2206 1149 2241 cod.
1183 2206 1305 2242 Paris.
1330 2208 1429 2242 2781
1458 2216 1547 2242 saec.
1574 2206 1642 2241 XI
1661 2206 1739 2250 (Β),

236 2263 311 2299 cod.
339 2263 460 2299 Paris.
484 2264 582 2298 2168
605 2273 694 2298 saec.
719 2262 929 2297 XI-XII
949 2262 1025 2307 (0),
1054 2263 1131 2299 cod.
1155 2263 1276 2299 Paris.
1301 2265 1402 2300 2782
1423 2274 1518 2299 saec.
1543 2263 1640 2299 XII
1660 2264 1742 2307 (E).

236 2320 372 2357 accedit
400 2323 593 2365 praeterea
621 2320 733 2355 codex
767 2320 969 2356 Claudiani
996 2320 1176 2356 Mamerti
1200 2321 1464 2366 Montepessul.
1489 2321 1533 2356 H
1555 2323 1624 2356 145
1647 2331 1742 2356 saec.

237 2379 333 2422 XII,
368 2389 472 2423 quem
494 2388 611 2423 supra
634 2378 744 2413 litera
767 2377 806 2412 D
829 2378 1131 2424 siquificauimus.
1171 2379 1389 2414 contulimus
1413 2379 1524 2414 etiam
1547 2378 1742 2413 editionem

238 2436 384 2473 Sidonii
423 2436 469 2471 ab
504 2435 671 2481 Euyenio
706 2435 847 2470 Bareto
886 2439 1054 2470 curatam
1089 2435 1222 2479 (Paris.
1258 2438 1388 2479 1879),
1428 2436 1533 2471 cuius
1571 2436 1743 2471 lectiones

237 2518 429 2553 uariantes
452 2516 664 2562 compendio
690 2517 740 2561 (b)
765 2517 998 2562 clesiynamus
1117 2517 1139 2550 2
1158 2498 1234 2573 {⁵335
1250 2518 1287 2552 A
1409 2517 1431 2552 3
1454 2517 1551 2552 facto
1575 2517 1650 2552 AD

238 2589 332 2623 esset
355 2586 454 2622 factu
479 2586 515 2621 Β
638 2586 828 2631 aliquoties
852 2586 888 2621 Β
897 2585 979 2628 ΟΕ,
1016 2596 1082 2621 om.
1108 2586 1128 2620 b
1266 2586 1290 2620 4
1313 2584 1536 2630 undellunde
1567 2586 1612 2629 0,
1652 2585 1744 2621 unde

239 2667 279 2703 E
413 2666 435 2702 5
469 2665 695 2710 anquirerem
727 2666 764 2701 A
904 2666 925 2700 7
957 2646 1178 2700 multi⁸modis
1202 2664 1258 2708 B,
1297 2663 1523 2700 multimodis
1549 2664 1569 2699 b
1707 2666 1743 2699 et

238 2749 258 2785 z,
420 2745 442 2781 9
481 2722 650 2781 iudiciiis
690 2747 742 2790 A,
795 2746 1008 2781 iudicaueris
1047 2745 1086 2781 D
1251 2745 1291 2779 11
1331 2744 1590 2789 impartiuntur
1630 2744 1650 2779 b
