1884 2998
570 108 630 143 De
653 108 781 142 statu
804 107 977 143 animae
1000 107 1040 143 II
1066 107 1119 143 10.
1516 109 1594 152 141

92 234 235 282 haec,
267 232 416 286 inquit,
449 231 820 286 cogitauerunt
840 234 891 274 et
912 232 1252 283 errauerunt‚
1285 233 1595 275 excaecauit

93 302 227 343 enim
258 300 385 343 illos
416 302 632 344 malitia
661 312 850 343 eorum.
903 303 945 342 et
975 301 1189 353 tamquam
1215 301 1390 344 diceres:
1429 302 1528 355 quid
1549 302 1595 344 in

93 370 157 412 his
198 370 343 423 culpae
388 370 581 423 uertitur,
629 369 728 423 quid
774 369 937 418 erroris,
983 368 1058 410 ille
1102 370 1341 422 respondet:
1386 370 1596 413 hominem

91 438 272 481 animam
304 449 544 491 corpoream
566 437 854 492 cogitauerunt
873 437 915 478 et
947 438 1202 485 errauerunt,
1225 448 1272 478 ac
1294 436 1413 479 uelut
1431 440 1596 493 rogaret

60 506 320 561 5geminanti
352 505 421 560 [et]
454 506 553 560 quid
582 506 627 548 in
658 506 734 547 hoc
763 506 917 547 ueritas
950 505 1129 556 claudat,
1160 506 1209 547 ut
1240 505 1422 547 animam
1453 518 1596 561 corpus

92 587 177 617 esse
216 574 308 628 quis
355 574 519 626 sentiat,
567 574 692 616 iterat
723 574 925 628 propheta
962 583 1224 627 responsum:
1257 578 1597 626 errauerunt‚

90 642 349 685 uidelicet
390 655 472 685 err
487 644 731 693 auerunt,
772 642 892 695 quia
923 642 1051 684 deus
1091 641 1297 684 creauit
1339 642 1598 686 hominem

90 710 623 753 inexterminabilem
675 712 722 751 et
773 712 830 752 ad
881 709 1170 762 imaginem
1230 722 1353 752 suae
1407 711 1598 753 simili-

90 780 297 822 tudinis
345 780 477 822 fecit
515 779 682 829 illum,
736 779 779 820 id
820 781 881 820 est
927 779 1083 821 dicere:
1128 779 1227 821 adeo
1273 779 1393 821 tenus
1424 791 1506 821 non
1538 780 1600 821 est

44 866 77 890 10
90 860 236 902 corpus
267 848 418 901 anima,
450 850 498 890 ut
529 848 585 889 sit
616 848 755 903 imago
787 848 942 890 diuina.
987 849 1102 890 estne
1133 847 1304 902 aliquid,
1336 860 1415 902 quo
1446 847 1598 891 abhinc

90 917 272 959 locorum
304 916 469 970 uspiam
499 915 775 970 progrediaris
807 916 968 958 tuomet
998 915 1150 959 indicio
1180 916 1381 969 proditus,
1404 917 1596 959 ueritatis

90 985 246 1027 uiribus
278 987 436 1039 captus,
467 986 692 1039 prophetae
730 986 1018 1028 testificatione
1049 985 1294 1028 conuictus?
1340 986 1411 1028 sed
1443 986 1597 1029 uiderit

93 1054 264 1107 quisque
297 1054 395 1107 quid
427 1053 601 1096 sentiat:
649 1055 772 1108 prout
802 1067 894 1096 mea
924 1056 1065 1096 tamen
1097 1055 1233 1108 opinio
1265 1054 1358 1103 fert,
1400 1055 1475 1097 hoc
1515 1055 1598 1096 sal-

90 1121 166 1163 tim
199 1123 376 1175 probum
406 1122 513 1176 quod
553 1125 722 1164 eatenus
762 1123 1081 1165 dissertauimus
1117 1124 1336 1165 aduersum
1367 1123 1597 1178 corporales

45 1209 77 1234 15
90 1202 162 1244 pro
210 1189 470 1244 spiritalibus
516 1194 581 1233 sat
627 1191 748 1242 foret,
800 1192 843 1234 ni
893 1204 968 1246 par
1009 1204 1095 1234 esse
1137 1192 1327 1233 ducerem
1374 1191 1600 1246 apostolica

90 1270 250 1313 quoque
283 1260 357 1301 aut
388 1260 515 1302 etiam
548 1260 791 1315 euangelica
836 1261 879 1302 ln
909 1273 997 1302 rem
1029 1260 1329 1302 controuersiae
1369 1260 1597 1313 praesentis

89 1327 291 1370 adhiberi.

228 1487 247 1520 1
274 1485 355 1531 Sap.
381 1486 415 1528 2,
441 1486 482 1521 21

160 1637 177 1671 1
204 1636 426 1681 errauerunt]
454 1638 491 1670 et
515 1635 601 1671 add.
627 1636 664 1672 R
787 1635 956 1670 excitauit
980 1635 1016 1670 B
1143 1635 1164 1670 2
1189 1635 1322 1680 eorum]
1349 1645 1447 1670 erum
1472 1635 1508 1671 R

89 1699 110 1734 3
147 1699 177 1734 is
216 1699 269 1740 R,
319 1699 369 1734 eis
405 1699 455 1734 M
486 1700 640 1736 editores
783 1698 971 1743 respondet
1006 1699 1156 1743 scripsi,
1204 1698 1387 1743 respondit
1423 1699 1508 1734 libri

88 1762 232 1797 homine
262 1762 307 1805 Ο,
347 1762 503 1797 hominis
539 1762 590 1804 G,
633 1772 772 1797 omnem
805 1762 877 1796 Mb
1015 1761 1207 1806 hominem]
1242 1763 1279 1796 et
1313 1761 1398 1796 add.
1430 1761 1508 1797 BD

90 1823 112 1858 4
136 1833 278 1868 rogares
304 1834 350 1859 ex
374 1825 514 1869 rogaret
540 1825 587 1867 E,
629 1824 766 1869 rogarit
790 1823 972 1859 Barthius
1116 1825 1139 1858 5
1162 1823 1373 1869 geminatim
1397 1824 1447 1866 D,
1488 1824 1599 1870 gemi-

90 1887 236 1921 nantem
254 1888 312 1931 p2,
352 1886 563 1931 geminando
589 1897 633 1922 ex
658 1887 838 1932 geminato
864 1886 895 1922 S
1015 1887 1051 1921 et
1075 1887 1182 1921 uncis
1205 1886 1339 1922 inclusi
1465 1886 1600 1922 claudit

90 1948 182 1983 coni.
209 1948 307 1992 Sola,
347 1948 526 1984 claudicat
552 1949 596 1985 S²
733 1950 755 1984 9
792 1948 830 1983 id
867 1948 934 1993 est]
972 1948 1065 1983 idem
1097 1948 1252 1984 ABRS²
1391 1948 1435 1983 10
1470 1948 1599 1993 aliquis

91 2010 166 2045 Mb
328 2011 422 2055 quod
457 2011 548 2047 BF¹
715 2012 757 2046 11
795 2011 897 2056 uspia
933 2010 968 2045 B
1128 2010 1259 2045 iudicio
1296 2010 1509 2046 ABDEFb

93 2073 136 2108 12
171 2073 370 2109 tificaaeione
406 2074 443 2110 R
581 2074 714 2109 uiderit
745 2074 838 2116 DE,
880 2060 997 2108 uideri
1029 2074 1080 2116 G,
1120 2074 1269 2108 uiderim
1302 2074 1494 2110 OGMPT
1508 2073 1598 2115 Sca„

91 2135 248 2171 uiderem
272 2136 367 2180 rell„
404 2136 562 2172 uiderint
586 2137 607 2172 b
724 2137 766 2172 13
792 2137 823 2171 si
846 2140 933 2172 ante
948 2136 1095 2182 quisque
1119 2136 1206 2173 add.
1231 2136 1305 2172 Mb
1420 2136 1507 2181 quid
1531 2147 1599 2173 om.

90 2197 259 2241 EFMb,
301 2198 394 2243 quod
425 2199 461 2235 R
480 2199 580 2241 Sela,
621 2201 663 2235 ut
694 2199 733 2234 D
871 2199 1062 2234 dissentiat
1092 2199 1166 2234 Mb
1305 2198 1411 2234 refert
1435 2199 1510 2234 Mb

91 2259 149 2295 hic
173 2260 256 2296 LM
262 2262 282 2297 b
398 2262 525 2297 saltem
550 2261 847 2298 BDEFH²LM
867 2261 1020 2298 editores
1136 2262 1180 2297 14
1204 2261 1428 2306 probauerim
1453 2262 1491 2302 b,
1527 2261 1599 2306 pri-

92 2333 178 2358 uum
220 2323 254 2358 G
391 2326 426 2359 et
462 2326 607 2360 actenus
643 2325 706 2367 M,
747 2325 920 2359 hactenus
956 2325 977 2359 b
1114 2324 1370 2359 desertauimus
1406 2323 1598 2365 BHLRS,

93 2382 365 2422 discretauimus
383 2387 433 2422 M
448 2389 554 2431 (corr.
567 2388 610 2422 in
623 2389 762 2433 marm,
787 2387 1065 2431 disceptauimus
1079 2387 1110 2429 b,
1137 2385 1407 2421 discertauimus
1426 2385 1506 2421 Βοὴ.

92 2467 283 2510 corporalis
307 2466 483 2504 AH¹RS¹
602 2468 645 2503 15
668 2467 706 2502 ni
730 2468 810 2513 par]
834 2468 948 2512 impar
971 2467 1013 2502 E
1125 2448 1276 2502 <siceram
1300 2465 1336 2501 R
1453 2465 1496 2499 16
1520 2465 1598 2510 aut]

93 2526 138 2561 ad
162 2528 394 2571 ABGHRS,
436 2532 474 2565 at
498 2530 562 2573 M,
602 2541 642 2565 ac
669 2529 732 2566 Gb
868 2529 977 2565 etiam
1002 2529 1047 2564 ad
1078 2528 1114 2564 L
1251 2527 1293 2562 17
1325 2526 1491 2562 adhibere
1514 2526 1600 2563 libri

87 2593 239 2634 praeter
263 2591 379 2628 CGM
398 2596 432 2628 et
456 2592 537 2630 Βοὴ.
