1884 2998
617 99 676 134 De
701 99 827 134 statu
851 99 1025 135 animae
1050 100 1149 136 113.
1573 103 1630 146 57

126 223 213 265 tem
254 222 460 276 spiritum.
513 221 584 275 qui
624 221 768 275 utique
809 222 978 276 spiritus
1019 223 1054 264 si
1095 223 1138 265 in
1167 223 1244 265 hac
1274 225 1362 267 uita
1393 227 1630 280 concupiuit

125 292 324 334 aduersus
356 303 523 333 carnem
544 291 585 332 et
606 290 914 344 concupiscenti
944 293 1161 333 aduersum
1191 304 1235 333 se
1256 293 1367 334 carni
1389 306 1467 336 non
1489 294 1630 345 cessit,

127 361 215 401 iure
245 362 288 402 in
319 362 535 402 aeternum
566 359 673 401 nihil
704 359 778 401 illo
810 359 1071 401 difficultatis
1107 359 1270 408 sentiet,
1303 361 1418 402 cuius
1450 361 1630 404 difficul-

127 429 235 470 tates
267 428 454 470 caelestis
487 427 629 470 auxilii
659 428 818 469 uirtute
849 428 1073 480 superauit,
1126 440 1199 470 nec
1230 439 1304 480 par
1335 430 1413 470 erit
1443 432 1490 471 ut
1511 442 1628 471 exae-

97 498 277 550 ⁵quetur
308 497 488 547 domino,
534 496 606 550 qui
649 496 782 537 eidem
827 496 950 537 cessit
996 496 1167 544 inuitus,
1215 499 1255 537 et
1294 496 1338 538 in
1379 498 1487 539 serui
1517 499 1630 540 statu

127 568 350 617 remaneat,
383 566 454 618 qui
482 565 588 606 uicit
617 564 890 606 uoluntarius.
933 564 1124 617 quocirca
1155 564 1276 605 datur
1298 565 1500 618 intellegi,
1523 566 1630 618 quod

127 634 234 676 sicut
279 634 322 675 in
369 633 446 675 hac
492 633 581 674 uita
610 633 773 674 animae
813 633 1014 674 humanae
1057 633 1292 674 substantia
1322 634 1632 686 incorporaliter

128 702 332 756 dignitate
374 701 439 743 sui
478 701 611 743 anteit
651 712 796 754 corpus
836 701 1026 749 animale,
1070 701 1131 742 ita
1172 702 1265 756 post
1295 701 1631 743 resurrectionem

128 769 584 822 remunerationemque
606 769 782 811 anteibit
807 780 952 821 corpus
974 769 1172 821 spiritale.
1224 781 1344 810 omne
1366 770 1503 810 autem
1526 771 1632 822 quod

83 838 308 892 iospiritali
349 849 513 892 corpore
554 837 691 891 potius
734 839 808 887 est,
850 849 993 890 corpus
1025 840 1072 878 ut
1102 837 1278 878 arbitror
1310 848 1390 878 non
1422 838 1503 878 est:
1537 849 1631 891 ergo

129 909 244 950 iuxta
264 907 389 949 huius
420 905 641 948 necessarii
663 905 745 947 mei
767 905 1007 955 tractatum,
1044 904 1114 958 qui
1136 906 1302 959 angelos
1322 904 1408 947 sola
1429 917 1515 947 esse
1537 906 1632 946 tan·

129 979 221 1018 tum
243 988 411 1030 corpora
433 975 631 1025 decernit,
664 974 866 1015 humanae
889 973 1147 1015 substantiae
1170 974 1358 1028 angelica
1379 974 1528 1015 natura
1551 973 1632 1015 erit

130 1044 314 1086 inferior.
367 1046 526 1085 certum
559 1055 738 1096 namque
768 1042 910 1084 diuina
941 1041 1187 1083 auctoritate
1218 1042 1445 1083 retinemus
1467 1043 1633 1084 sancto-

131 1125 225 1154 rum
256 1123 436 1165 corpora,
472 1122 574 1164 quae
607 1111 807 1152 inmutari
837 1109 1108 1151 merebuntur
1138 1109 1181 1150 in
1211 1110 1398 1164 gloriam,
1432 1109 1633 1164 angelicis

85 1197 118 1224 ιε
131 1180 394 1234 exaequanda
444 1179 680 1234 corporibus
730 1178 890 1220 dicente
943 1178 1126 1220 domino:
1183 1181 1232 1219 et
1282 1180 1439 1220 erunt
1489 1178 1634 1220 sicut

132 1249 312 1303 angeli
343 1248 397 1290 in
429 1248 586 1290 caelo.
638 1248 673 1288 si
708 1247 837 1301 igitur
868 1246 1007 1300 angeli
1039 1247 1244 1301 spiritalia
1274 1249 1441 1288 tantum
1464 1258 1633 1299 corpora

131 1317 227 1359 sunt
256 1317 461 1371 uniusque
501 1315 755 1358 substantiae
787 1318 828 1357 et
867 1315 1116 1369 prouehetur
1148 1326 1293 1367 corpus
1325 1314 1549 1356 humanum
1582 1315 1634 1356 ad

131 1386 308 1439 angelici
349 1385 528 1440 corporis
573 1384 836 1439 dignitatem,
879 1385 998 1425 homo
1040 1383 1185 1437 angelo
1218 1383 1419 1437 qualitate
1451 1381 1631 1435 corporis

132 1454 442 1508 exaequabitur,
474 1453 679 1507 dignitate
710 1453 880 1506 spiritus
916 1451 1226 1505 praeeminebit.
1277 1451 1383 1505 quod
1414 1450 1463 1505 si,
1495 1453 1542 1493 ut
1573 1453 1635 1492 est

84 1522 290 1576 mutique,
323 1522 490 1564 uidetur
520 1522 762 1574 absurdum,
795 1522 946 1574 duplex
978 1532 1074 1574 ergo
1107 1522 1168 1562 est
1202 1520 1389 1573 angelica
1414 1518 1537 1561 sicuti
1569 1520 1634 1560 est

132 1591 313 1634 humana
342 1591 601 1634 substantia:
632 1591 786 1633 habens
818 1601 962 1643 corpus
999 1590 1128 1630 totius
1160 1587 1378 1630 facilitatis
1410 1587 1635 1629 maximae-

133 1672 211 1714 que
256 1660 591 1714 pulchritudinis,
638 1659 745 1713 quod
791 1658 1028 1699 hominibus
1074 1669 1167 1698 cum
1211 1656 1378 1698 iubetur
1426 1654 1635 1709 adpareat,

134 1728 290 1771 habens
335 1730 634 1783 incorporeum,
682 1740 760 1781 quo
801 1729 923 1770 deum
971 1738 1135 1779 semper
1184 1725 1323 1767 uideat
1372 1724 1486 1766 iuxta
1530 1722 1637 1765 illud

135 1797 425 1851 euangelicum
457 1810 535 1851 quo
569 1797 728 1839 dictum
750 1798 833 1837 est:
867 1794 990 1848 quia
1020 1794 1200 1847 angeli
1231 1804 1410 1835 eorum
1440 1803 1639 1844 semper

85 1865 317 1910 25uident
349 1866 539 1910 faciem
570 1866 740 1920 patris
771 1864 887 1906 mei.

274 1991 316 2026 15
341 1989 473 2025 Matth.
500 1989 554 2032 22,
580 1988 625 2023 30
763 1987 808 2022 24
836 1987 966 2021 Matth.
994 1987 1047 2027 18,
1074 1986 1117 2021 10

204 2105 226 2140 3
258 2104 322 2139 illo
355 2103 445 2145 Mb,
487 2103 523 2137 in
556 2102 620 2136 illo
649 2101 693 2144 G,
735 2100 826 2135 iliud
858 2100 936 2135 rell.
962 2103 994 2135 et
1021 2099 1118 2141 Sch.,
1160 2109 1199 2133 ex
1230 2098 1292 2132 illo
1325 2097 1522 2138 Barthius,
1561 2095 1640 2129 illic

130 2173 159 2207 p
277 2161 410 2196 sentiat
434 2159 543 2194 HLS
660 2159 681 2193 4
708 2158 875 2192 caelestes
900 2157 936 2193 R
1057 2157 1076 2190 7
1102 2156 1257 2190 humana
1281 2152 1553 2189 ABF¹HLRS

135 2217 443 2262 incorporabiliter
479 2215 762 2258 ABEFGHR,
811 2213 1128 2258 inconparabiliter
1165 2211 1262 2247 GLS
1418 2211 1439 2244 9
1479 2218 1640 2244 remune-

136 2281 276 2316 ratione
300 2290 368 2325 que
392 2281 495 2325 (quae
519 2279 554 2321 b)
579 2278 672 2320 Mb,
714 2276 1001 2312 remuneratione
1026 2286 1164 2321 quoque
1187 2274 1368 2309 Bar-thius
1499 2271 1543 2306 10
1566 2281 1641 2304 cor-

137 2373 280 2408 poreum
314 2363 360 2406 1³²
499 2362 539 2396 11
577 2361 718 2394 tantum
752 2369 819 2394 om.
852 2360 896 2402 1⁰²
1035 2356 1079 2391 12
1116 2337 1285 2390 discernit
1322 2353 1352 2389 S
1484 2350 1641 2385 humana

138 2424 342 2460 substantia
361 2434 390 2468 p
523 2423 700 2457 humanae
725 2421 930 2456 substantia
955 2419 1116 2463 angelica
1140 2419 1291 2452 naturae
1316 2414 1386 2449 Mb
1519 2413 1561 2447 15
1586 2422 1640 2446 ex-

139 2481 317 2526 sequenda
343 2481 388 2523 G,
429 2479 656 2525 coaequanda
680 2479 700 2513 b
725 2489 771 2513 ex
794 2478 912 2522 glossa
937 2478 979 2512 in
1004 2476 1051 2510 M
1071 2474 1320 2519 superscripta
1454 2469 1496 2504 16
1521 2470 1640 2503 tamen

139 2538 220 2574 Sch.
362 2539 404 2573 18
438 2539 474 2572 et
509 2540 595 2572 ante
631 2536 734 2570 homo
771 2534 855 2569 add.
891 2545 920 2578 p
1071 2531 1114 2566 19
1150 2529 1398 2573 coaequabitur
1433 2526 1525 2568 Mb,
1566 2535 1640 2559 exe-

138 2595 285 2640 quabat’
318 2595 348 2631 S
483 2595 514 2628 si
544 2595 597 2639 ut]
631 2594 723 2627 sicut
756 2592 835 2633 LS,
878 2591 907 2625 si
940 2591 992 2624 ita
1024 2589 1059 2623 A
1203 2587 1248 2620 20
1279 2586 1334 2620 est
1358 2587 1441 2628 post
1472 2593 1552 2627 ergo
1583 2580 1639 2623 M,

138 2663 208 2688 om.
233 2653 312 2688 rell.
452 2652 498 2686 22
528 2651 694 2686 uideatur
730 2659 899 2694 apparens
936 2648 984 2681 M
1013 2650 1117 2688 (corr.
1142 2645 1182 2678 in
1208 2648 1333 2688 mar-9.)
1472 2639 1516 2673 23
1547 2637 1640 2682 quod

138 2712 179 2754 10²
317 2709 362 2744 24
386 2708 598 2753 euuangeliu
626 2707 656 2742 S
790 2705 882 2750 quod
907 2705 977 2738 Mb
1115 2701 1159 2735 25
1184 2699 1328 2734 uideant
1352 2696 1427 2732 AG
