1884 2998
253 77 308 120 72
765 73 1012 109 Claudiani
1042 74 1250 110 Mamerti

250 202 506 254 eandemque
538 200 764 243 animalem
796 212 892 243 cum
922 200 1162 255 pecudibus,
1203 201 1337 243 uitam
1377 203 1624 245 rationalem
1664 216 1760 245 cum

249 270 415 325 angelis
456 269 584 312 dedit.
630 268 761 322 igitur
796 271 843 310 ut
875 268 1097 310 herbarum
1128 282 1288 323 quoque
1320 273 1361 312 et
1391 270 1595 313 fruticum
1627 272 1759 314 uitam

252 338 536 392 incorpoream
582 349 671 379 esse
715 338 857 390 pateat
902 336 1152 391 eandemque
1198 350 1279 380 non
1327 338 1467 380 amitti
1507 352 1530 381 a
1575 351 1756 393 corpore,

250 408 321 449 sed
367 406 540 456 dimitti,
587 418 736 459 quaero
780 418 805 447 a
842 407 884 446 te
924 405 1070 448 herbas
1115 408 1156 448 et
1187 407 1358 449 arbusta
1402 407 1598 449 utrumne
1630 420 1755 462 neges

249 475 407 526 uiuere,
440 487 493 517 an
525 474 663 516 forsan
695 474 810 516 dicas
842 473 908 515 his
930 474 1030 527 ipsis
1052 474 1289 518 uiuentibus
1313 475 1521 529 aliquibus
1544 477 1591 518 ut
1611 477 1757 519 uiuant
1787 494 1805 520 5

249 543 413 586 animas
444 545 591 585 inesse.
644 543 714 585 sed
745 543 931 585 animata
962 542 997 584 si
1029 546 1180 594 essent,
1212 545 1329 586 motu
1359 544 1521 598 proprio
1543 557 1622 586 non
1644 557 1755 586 care-

248 613 357 663 rent,
397 612 494 667 quia
524 612 621 655 sunt
660 623 764 665 quae
803 612 1023 653 mouentur
1063 617 1179 654 motu
1210 625 1292 654 non
1323 614 1501 666 propr-ic.
1553 614 1756 656 sentirent

248 680 378 723 etiam
417 682 570 723 uulnus
609 679 829 722 inflictum.
883 681 954 722 sed
993 680 1094 722 haec
1131 680 1288 723 talibus
1329 695 1409 724 non
1441 682 1572 724 inesse
1604 682 1673 723 uel
1704 684 1754 724 de

247 761 417 791 ossuum
461 749 640 791 sectione
685 752 726 790 et
776 748 1023 802 capillorum
1073 750 1195 803 atque
1247 751 1455 805 unguium
1499 750 1756 804 praecisione

247 818 543 872 cognoscimus,
591 830 694 871 quae
740 818 829 859 sine
875 818 960 859 ullo
1006 830 1127 860 sensu
1172 819 1325 861 doloris
1373 819 1642 861 abscidimus.
1693 822 1755 862 est
1769 838 1804 863 ιο

247 898 344 940 ergo
376 886 504 928 etiam
536 887 594 928 ibi
626 886 726 937 uita,
758 886 830 928 ubi
861 899 940 928 non
973 889 1035 928 est
1068 887 1220 929 anima.

303 968 484 1020 Adspice
524 979 633 1008 nunc
671 967 724 1009 ad
764 967 1061 1009 conficiendam
1100 968 1207 1009 hanc
1245 967 1376 1021 ipsam
1426 968 1583 1010 arboris
1621 968 1755 1010 uitam

246 1035 435 1077 omnium
466 1035 765 1077 elementorum
795 1035 1084 1088 particulatim
1116 1036 1275 1078 semina
1305 1037 1559 1078 conuenisse.
1607 1037 1670 1078 est
1691 1037 1755 1078 illi

244 1103 439 1146 uidelicet
476 1103 588 1145 terra
625 1103 669 1146 in
708 1103 997 1154 crassitudine,
1037 1116 1144 1157 aqua
1185 1106 1228 1146 in
1268 1104 1453 1153 humore,
1486 1117 1555 1147 aer
1584 1105 1627 1147 in
1660 1117 1752 1159 pro-

242 1172 465 1228 gressione,
497 1172 608 1227 ignis
638 1173 681 1214 in
711 1173 910 1226 germine.
963 1173 997 1214 si
1030 1174 1170 1215 autem
1203 1174 1253 1215 de
1291 1186 1384 1215 aere
1416 1176 1480 1215 est
1511 1173 1653 1215 anima
1682 1174 1755 1215 aut
1767 1189 1801 1216 15

242 1241 328 1282 aeri
372 1240 537 1293 similis,
583 1242 632 1283 ut
675 1246 723 1284 tu
768 1242 1026 1295 pronuntias,
1075 1254 1170 1296 ergo
1218 1242 1408 1284 arborem
1456 1256 1537 1284 non
1586 1243 1754 1297 negabis

242 1309 488 1362 animatam,
521 1312 618 1364 quia
648 1311 913 1365 perspicuum
945 1314 1006 1353 est
1037 1312 1123 1354 aeri
1154 1311 1336 1354 similem
1367 1311 1433 1353 illi
1463 1312 1598 1353 inesse
1628 1312 1754 1353 natu-

241 1392 345 1421 ram.
397 1379 593 1421 inferiora
622 1392 769 1434 nempe
800 1383 889 1422 rato
911 1392 1049 1422 rerum
1080 1380 1222 1423 ordine
1255 1392 1280 1422 a
1309 1380 1590 1434 superioribus
1611 1380 1752 1422 adfici-

241 1450 388 1491 untur:
438 1449 646 1491 transacto
693 1448 858 1491 scilicet
907 1448 1059 1503 frigore
1104 1449 1284 1491 brumali
1331 1462 1403 1503 per
1442 1449 1752 1491 conuersionem

242 1517 349 1559 caeli
393 1530 561 1560 recursu
600 1518 784 1560 siderum
830 1517 941 1560 calor
982 1530 1152 1573 superne
1191 1518 1362 1560 ueniens
1409 1531 1548 1560 aerem
1593 1517 1672 1559 sibi
1712 1517 1752 1559 et
1764 1532 1799 1559 20

241 1585 331 1628 loco
378 1588 419 1628 et
464 1589 615 1629 natura
659 1587 894 1640 proximum
934 1586 1049 1641 prius
1090 1586 1244 1629 adficit.
1297 1588 1368 1640 qui
1408 1587 1605 1640 quoniam
1635 1587 1751 1628 tanto

241 1655 377 1709 gradu
407 1655 496 1710 igni
518 1657 639 1707 cedit,
667 1656 819 1710 quanto
840 1658 927 1709 ipse
948 1656 1067 1710 aquis
1090 1656 1257 1705 eminet,
1280 1668 1348 1709 per
1371 1655 1531 1697 radices
1555 1655 1750 1696 arborum

240 1724 310 1766 uel
349 1725 639 1778 quorumpiam
678 1724 914 1779 germinum
958 1725 1008 1766 de
1047 1725 1183 1766 terrae
1207 1725 1372 1766 intimis
1403 1736 1530 1778 aquas
1562 1723 1750 1765 adtrahit

239 1804 287 1835 eo
318 1793 427 1846 quod
457 1794 566 1847 ignis
597 1794 852 1835 elementum
882 1793 1022 1835 omnia
1042 1793 1291 1835 naturaliter
1311 1792 1473 1846 rapiens
1495 1792 1750 1846 tepefactum
1805 1833 1807 1835 ,

237 1874 377 1905 aerem
407 1862 460 1904 ad
490 1874 532 1904 se
563 1861 687 1918 cogit,
719 1874 874 1915 perque
904 1861 1062 1904 arboris
1092 1862 1321 1904 medullam
1353 1863 1461 1903 sicut
1491 1860 1581 1914 ipse
1611 1860 1750 1903 haurit
1763 1878 1797 1904 25

306 2043 330 2079 2
353 2043 404 2079 ad
428 2043 620 2078 herbarum
644 2043 686 2078 Ε
705 2043 747 2078 i‘n
769 2054 903 2090 marq.:
938 2043 1030 2078 alius
1056 2043 1164 2079 codex
1188 2043 1385 2078 ‘beluarum
1410 2055 1549 2090 quoque
1574 2045 1610 2079 et
1633 2044 1751 2079 hfitifi’

238 2101 395 2136 adnotat
540 2100 563 2135 3
598 2111 798 2145 corpoream
837 2101 910 2137 GR
1054 2100 1078 2136 4
1113 2103 1321 2136 utrumnam
1361 2101 1396 2138 G
1539 2102 1562 2137 5
1597 2101 1750 2136 forsitan

237 2158 325 2193 libri
357 2161 510 2202 praeter
552 2157 670 2193 CGM
690 2161 723 2193 et
748 2157 828 2193 Sch.
991 2158 1171 2203 aliquibus
1208 2169 1275 2194 om.
1311 2159 1400 2201 Mb,
1448 2159 1585 2203 aliquas
1625 2159 1659 2195 G

238 2215 260 2249 7
286 2215 439 2250 sentiret
464 2214 495 2249 S
628 2215 650 2250 9
678 2225 822 2250 ossuum
846 2215 940 2257 HR,
983 2225 1101 2250 ossum
1126 2216 1221 2258 Mb,
1262 2221 1343 2250 ossfi
1369 2215 1411 2257 S,
1452 2216 1588 2250 ossium
1612 2216 1689 2252 rell.
1715 2220 1750 2252 et

237 2272 395 2308 editores
524 2272 569 2307 10
592 2273 819 2317 agnoscimus
844 2272 917 2307 HS
1041 2272 1282 2308 abscindimus
1307 2273 1356 2308 M
1377 2273 1531 2308 editores
1659 2273 1700 2308 11
1726 2284 1750 2308 a

235 2329 357 2365 uerbis
374 2328 426 2364 ibi
442 2328 522 2364 uita
536 2328 672 2374 incipit
683 2339 771 2375 pay.
789 2331 835 2364 41
850 2328 984 2365 codicis
1002 2329 1038 2364 L
1161 2331 1323 2365 animata
1338 2329 1449 2365 HLS
1569 2331 1613 2366 15
1629 2332 1748 2386 autem

234 2396 284 2437 D,
326 2397 392 2431 aut
415 2396 754 2433 BGEFHLMRb
894 2398 937 2433 16
967 2398 1138 2444 arborem]
1165 2409 1279 2434 aerem
1304 2398 1342 2434 R
1480 2399 1524 2433 17
1549 2399 1748 2434 animatum

235 2454 273 2489 R
400 2454 491 2489 aeris
518 2454 553 2490 G
679 2454 836 2489 similem
860 2455 919 2490 illi
941 2456 1092 2500 scripsi,
1132 2456 1242 2491 simili
1268 2455 1552 2498 ABGHMSb,
1593 2456 1748 2491 similem

234 2509 444 2547 DFH²LR
460 2510 561 2554 Sela,
601 2511 658 2546 illi
685 2511 730 2554 G,
771 2511 829 2546 illi
861 2511 1017 2547 similem
1049 2513 1103 2555 E,
1145 2513 1257 2548 simili
1292 2513 1445 2548 similem
1474 2514 1617 2550 mauult
1640 2514 1746 2549 Har-

234 2567 344 2603 telius
484 2569 526 2604 18
550 2579 675 2614 nempe
698 2568 788 2615 rato]
814 2570 1010 2614 temperato
1033 2570 1114 2606 DF
1127 2570 1207 2606 Sch.
1343 2570 1447 2605 ratllo
1474 2570 1505 2606 S
1632 2582 1653 2606 a
1677 2582 1746 2607 om.

235 2624 322 2660 libri
344 2628 490 2670 praeter
514 2626 563 2663 M
567 2627 588 2662 b
612 2629 646 2662 et
670 2626 750 2663 Sch.
866 2626 1068 2662 efficiuntur
1096 2627 1127 2663 Ο
1246 2627 1292 2662 20
1315 2629 1567 2673 superueniens
1591 2629 1747 2664 editores

229 2685 385 2726 praeter
403 2684 450 2728 1²²
575 2684 617 2720 21
644 2684 722 2720 loca
746 2684 783 2720 B
908 2685 953 2720 23
978 2684 1113 2720 adtrait
1138 2685 1175 2722 R
1296 2685 1340 2720 25
1365 2685 1471 2730 sicut]
1497 2686 1548 2720 sic
1573 2685 1652 2721 Sch.
