1884 2998
589 106 648 142 De
673 107 798 142 statu
823 106 995 142 animae
1026 106 1045 143 Ι
1069 107 1102 142 3.
1537 108 1592 151 27

98 233 304 287 adficitur,
345 232 381 274 si
419 243 500 274 non
536 230 725 285 patitur?
762 243 834 273 cur
861 231 949 273 tam
983 231 1090 273 celer
1120 233 1185 274 est
1214 234 1412 276 memoria
1440 234 1513 277 tua
1542 235 1594 278 ad

98 301 350 344 obliuionem
389 311 531 342 eorum
571 298 699 341 etiam
737 298 827 352 ipse
865 311 967 352 quae
1005 299 1257 352 protuleris?
1300 302 1506 344 iustitiam
1551 304 1594 346 et

99 369 442 420 misericordiam,
475 368 570 422 quia
601 367 641 408 in
673 366 839 408 homine
870 367 1124 409 accidentiae
1155 368 1251 419 sint,
1290 369 1477 412 adfectus
1508 382 1594 413 esse

99 438 252 481 dixisti.
305 438 436 493 igitur
475 437 509 478 si
547 436 591 477 in
632 435 809 486 homine,
851 436 946 488 quia
985 435 1236 477 accidentiae
1268 441 1378 486 sunt,
1409 438 1594 481 adfectus

69 509 209 557 5sunt,
249 507 293 548 in
338 506 412 547 deo
452 503 548 558 quia
593 504 840 546 accidentiae
879 517 960 545 non
1000 505 1108 554 sunt,
1149 504 1331 546 adfectus
1362 517 1442 547 non
1485 508 1594 549 sunt.

99 587 178 617 non
219 587 315 629 ergo
356 573 485 616 sensit
523 572 797 626 conpatientis
830 572 1006 623 adfectu,
1048 572 1091 613 in
1123 584 1201 625 quo
1234 573 1329 626 quia
1367 574 1596 616 accidentia

98 656 179 686 non
210 643 304 695 fuit,
337 643 523 685 adfectus
545 654 632 683 esse
665 654 746 683 non
771 641 918 695 potuit.
961 641 1032 682 sed
1054 641 1206 682 adicis:
1239 653 1355 693 ergo
1386 642 1515 695 quod
1545 642 1596 684 in

98 713 310 755 homine
347 711 592 754 adfectus
637 712 686 752 et
732 709 929 764 gratia,
976 709 1027 751 in
1074 710 1163 751 deo
1208 710 1382 751 uirtus
1427 712 1506 752 est
1547 713 1597 753 et

98 784 304 824 natura.
355 783 399 823 at
429 791 533 834 quae
565 780 607 821 in
638 779 711 822 deo
741 778 877 820 uirtus
908 780 982 829 est,
1015 790 1109 820 cum
1140 777 1239 820 data
1269 777 1398 820 fuerit
1427 779 1596 830 homini,

54 862 181 894 mnon
221 854 284 892 est
322 849 486 891 uirtus?
527 848 629 889 deus
669 847 780 888 enim
814 847 955 900 procul
994 846 1118 887 dubio
1159 846 1291 888 uirtus
1330 850 1404 900 est,
1453 848 1523 901 qui
1562 848 1597 889 si

100 918 366 961 inmutabilis
398 919 473 966 est,
506 917 631 958 etiam
662 928 754 957 cum
776 928 819 956 se
841 914 999 955 homini
1021 914 1193 965 dederit,
1214 914 1348 957 uirtus
1370 915 1411 956 in
1433 915 1598 957 homine

102 990 178 1030 est.
231 999 326 1042 ergo
368 987 475 1040 quod
506 986 548 1027 in
588 986 662 1027 deo
701 985 837 1026 uirtus
877 986 953 1038 est,
995 987 1035 1025 et
1074 985 1118 1026 in
1155 984 1322 1026 homine
1366 984 1500 1026 uirtus
1538 986 1601 1026 est

102 1057 177 1098 hoc
207 1058 373 1098 tantum
405 1055 614 1103 differens,
647 1053 756 1107 quod
786 1053 874 1094 illic
904 1052 1251 1106 substantialiter,
1282 1052 1351 1094 hic
1382 1052 1599 1094 accessibi-

101 1125 211 1167 liter.
258 1124 366 1166 unde
398 1123 588 1166 dominus
619 1123 671 1165 ad
703 1122 932 1177 apostolos:
973 1121 1173 1172 sedete,
1208 1121 1356 1174 inquit,
1388 1121 1441 1162 in
1473 1122 1600 1164 ciui-

54 1196 239 1244 15tate,
289 1194 459 1247 quoad
508 1205 668 1246 usque
714 1190 1010 1232 induamini
1049 1189 1254 1231 uirtute
1293 1202 1349 1231 ex
1387 1190 1520 1242 alto,
1561 1191 1602 1232 et

101 1262 321 1315 propheta:
368 1262 590 1315 diligam
634 1263 706 1314 te,
754 1259 981 1309 domine,
1028 1258 1201 1300 uirtus
1243 1270 1363 1299 mea.
1413 1260 1459 1300 tu
1504 1271 1600 1301 uero

102 1331 226 1372 deum
263 1330 306 1371 in
338 1343 380 1372 se
412 1330 613 1372 uirtutem
650 1341 737 1370 esse
769 1330 809 1369 et
848 1327 887 1369 in
928 1326 1094 1368 homine
1134 1326 1234 1368 dicis
1267 1338 1347 1368 non
1378 1339 1477 1369 6336.
1529 1328 1599 1369 sed

105 1399 201 1442 talis
232 1399 460 1441 sententiae
493 1409 617 1440 causa
647 1398 740 1439 luce
781 1395 977 1449 liquidior
1008 1397 1089 1437 est:
1136 1395 1323 1448 sequitur
1352 1395 1521 1446 scilicet,
1554 1399 1602 1437 ut

104 1480 224 1521 quem
259 1466 363 1509 dicis
395 1466 528 1516 adfici,
561 1465 753 1508 adstruas
783 1463 1042 1507 commutari.

57 1559 91 1585 20
161 1536 222 1579 Ac
252 1536 355 1577 mihi
386 1536 568 1589 primum
599 1534 827 1589 proprietas
860 1533 982 1575 huius
1014 1533 1193 1575 nominis
1225 1531 1401 1574 maxime
1431 1531 1600 1574 discuti-

105 1606 210 1648 enda
240 1607 312 1646 est.
365 1604 551 1646 adfectus
582 1616 730 1657 nempe
753 1603 803 1645 ab
835 1614 881 1644 eo
913 1601 1065 1643 dicitur
1095 1600 1202 1654 quod
1234 1601 1388 1653 aliquid
1420 1599 1598 1651 adficiat,

104 1674 308 1728 quidquid
353 1675 492 1715 autem
536 1672 741 1722 adficitur,
788 1670 958 1725 patitur.
1013 1669 1099 1723 pati
1144 1681 1240 1711 uero
1287 1681 1366 1711 non
1413 1669 1476 1710 est
1519 1668 1601 1710 nisi

103 1743 313 1799 passibilis
357 1746 595 1797 creataeque
645 1741 923 1790 substantiae,
974 1753 1076 1793 quae
1127 1739 1319 1793 quoniam
1369 1750 1393 1778 a
1442 1748 1603 1778 summa

106 1813 301 1863 essentia,
334 1825 439 1867 quae
464 1813 564 1854 deus
587 1814 663 1861 est,
694 1813 743 1853 ut
774 1800 998 1859 ersisteret,
1024 1810 1169 1850 uocata
1190 1807 1239 1848 de
1261 1806 1390 1847 nihilo
1414 1808 1476 1847 est
1497 1806 1603 1846 inter

57 1901 93 1927 25
105 1882 223 1934 illud,
255 1881 304 1923 de
335 1894 415 1935 quo
442 1881 564 1931 facta,
597 1883 638 1922 et
659 1879 779 1930 illud,
811 1892 834 1921 a
857 1890 935 1932 (1110
956 1878 1064 1920 facta
1085 1877 1161 1927 est,
1183 1875 1341 1917 media:
1364 1874 1424 1915 ita
1444 1872 1603 1926 superi-

245 2017 264 2051 7
289 2016 334 2052 cf.
362 2027 440 2061 pag.
467 2016 498 2058 6,
526 2016 569 2050 18
708 2014 752 2049 14
774 2013 859 2048 Luc.
883 2011 939 2055 24,
963 2011 1008 2046 49
1148 2010 1190 2045 16
1214 2009 1343 2044 Psalm.
1371 2008 1422 2049 17,
1448 2007 1470 2042 2

177 2143 195 2178 1
221 2143 338 2177 tamen
364 2139 568 2176 ABGH'R
693 2138 715 2172 2
741 2146 829 2181 quae
852 2136 926 2180 ipse
951 2134 1067 2171 GGM
1071 2134 1090 2168 b
1109 2134 1189 2169 sch.
1316 2132 1460 2166 iustiam
1487 2130 1516 2166 S

106 2201 129 2236 3
160 2200 304 2235 nomine
337 2198 387 2234 ΘΙ
526 2195 840 2231 accidentiae—in
872 2193 935 2228 deo
967 2192 1052 2237 quia
1083 2202 1149 2226 om.
1180 2191 1252 2234 M¹‚
1295 2189 1507 2224 accidentiae
1538 2199 1606 2223 om.

107 2258 128 2292 b
255 2258 340 2291 sunt
364 2256 384 2290 b
510 2254 533 2288 4
557 2253 682 2298 igitur]
708 2263 790 2297 ergo
815 2251 906 2293 Mb,
947 2250 1099 2288 fortasse
1123 2258 1205 2292 ergo
1230 2246 1343 2291 igitur
1367 2244 1609 2287 scribendum,

108 2314 156 2357 cf.
181 2315 243 2350 lib.
268 2314 312 2349 H
332 2323 412 2358 cap.
438 2312 533 2347 IIII
666 2309 850 2354 quia—in
875 2307 937 2341 deo
962 2317 1027 2341 om.
1054 2307 1089 2339 A
1227 2304 1247 2338 5
1279 2302 1375 2348 quia]
1409 2303 1464 2336 cui
1494 2302 1514 2336 b

107 2372 130 2406 6
154 2371 370 2406 accidentiae
393 2370 429 2404 B
559 2368 578 2402 7
604 2367 686 2412 fuit]
712 2367 797 2401 sunt
821 2366 841 2400 b
965 2363 1112 2408 possunt
1135 2362 1155 2396 b
1281 2361 1302 2394 9
1327 2363 1365 2393 at
1387 2359 1529 2403 scripsi,
1569 2360 1606 2392 et

107 2428 194 2463 libri
316 2428 361 2462 10
383 2430 466 2471 post
490 2426 608 2461 uirtus
632 2422 931 2468 interroqationis
953 2421 1096 2466 sianum
1114 2419 1224 2463 posui
1349 2417 1385 2450 11
1412 2416 1605 2450 1116οω11111-

108 2484 235 2520 tabilis
265 2485 300 2519 L
441 2484 482 2519 12
514 2483 600 2528 (1111(1
631 2481 666 2516 R
806 2481 847 2514 15
880 2480 1052 2513 uirtutem
1086 2474 1242 2511 GHRS¹
1383 2473 1423 2507 17
1455 2473 1503 2517 se]
1536 2473 1607 2506 uir-

109 2543 224 2576 tutem
249 2540 334 2577 add.
360 2541 423 2582 M,
461 2551 527 2576 om.
553 2539 642 2580 rell„
674 2538 845 2572 inserunt
869 2539 991 2570 autem
1009 2537 1094 2579 post
1117 2543 1185 2567 non
1210 2540 1283 2565 esse
1400 2530 1442 2564 18
1467 2538 1606 2563 causam

109 2599 146 2635 R
284 2599 329 2633 20
353 2598 442 2632 1111111
467 2608 532 2632 om.
554 2607 582 2641 p
721 2595 765 2629 23
790 2595 1037 2648 creaturaeque
1069 2590 1098 2625 S
1230 2586 1407 2631 quoniam]
1434 2596 1536 2630 quem
1561 2585 1605 2619 ad

111 2667 254 2703 modum
280 2667 449 2703 Schottus
587 2665 632 2699 24
665 2665 759 2698 inter
784 2660 1064 2703 illud—media]
1092 2659 1183 2692 inter
1207 2656 1272 2690 hoe
1297 2658 1334 2690 et
1358 2654 1448 2688 illud
1473 2654 1513 2688 de
1538 2663 1606 2697 quo

112 2726 208 2760 facta
232 2727 287 2760 est
311 2724 430 2759 media
458 2724 491 2759 G
630 2722 674 2756 25
699 2720 744 2755 ad
768 2719 858 2764 quod
878 2720 924 2763 1²²
1061 2727 1081 2749 a
1105 2715 1184 2759 quo]
1210 2713 1304 2748 facta
1329 2722 1394 2746 om.
1419 2711 1439 2746 b
