1884 2998
259 131 316 174 60
775 129 1019 166 Claudiani
1043 131 1254 167 Mamerti

259 256 526 299 adiunctione
578 255 794 310 duplicari,
848 268 937 298 esse
986 255 1074 298 illic
1118 268 1282 298 sursum
1325 256 1527 311 deorsum,
1575 258 1766 302 dextrum

257 326 485 377 sinistrum,
518 324 703 368 anterius
735 327 858 378 atque
892 325 1113 380 posterius,
1147 337 1233 367 esse
1258 325 1346 368 illic
1366 336 1439 378 pro
1459 326 1580 368 modo
1601 328 1765 382 magni-

257 393 415 436 tudinis
455 393 770 448 longitudinem,
813 393 1095 444 latitudinem,
1137 393 1418 436 altitudinem.
1479 394 1523 436 in
1563 394 1628 437 dei
1666 408 1765 438 uero

256 463 346 517 ipsa
376 461 569 504 trinitate
608 462 730 504 huius
763 461 1035 504 secabilitatis
1068 464 1109 504 et
1140 461 1366 504 localitatis
1396 462 1535 515 partes
1566 463 1608 505 et
1628 464 1766 517 spatia

255 543 344 573 esse
374 543 456 573 non
478 530 668 581 dicimus,
691 530 741 572 ad
765 530 881 572 cuius
903 530 1224 572 similitudinem
1243 543 1375 572 unum
1398 542 1471 573 nos
1494 543 1581 573 esse
1602 543 1764 575 secum·
1797 545 1815 572 5

255 612 335 653 que
374 599 482 642 uniri
527 612 599 641 nos
641 611 760 652 posse
802 599 906 641 dicit
943 601 1029 653 ipse
1070 599 1140 653 qui
1173 599 1284 653 fecit,
1318 600 1426 642 sicut
1454 601 1497 642 in
1528 600 1765 654 apostolicis

252 668 360 710 actis
401 668 593 723 legimus,
631 667 739 721 quod
770 680 901 709 unus
942 667 1271 711 credentium
1311 681 1550 722 unusque
1590 669 1764 711 uolen-

254 737 388 779 tium
419 738 529 779 erat
560 738 765 779 animus
797 737 846 778 ct
877 748 962 779 cor
992 749 1160 779 unum.
1213 749 1293 779 non
1323 738 1466 779 tamen
1495 749 1584 779 reor
1605 738 1762 780 multas

254 805 414 847 animas
446 805 508 847 ita
538 805 620 847 sibi
652 805 779 848 fuisse
812 806 1068 855 coniunctas,
1106 807 1154 847 ut
1184 807 1316 847 maior
1346 806 1548 859 quaedam
1578 818 1626 847 ex
1656 807 1764 848 mul-

252 874 308 916 tis
340 873 560 916 animabus
593 873 736 916 anima
765 874 898 923 fieret,
922 875 1019 928 quia
1049 874 1231 927 trinitas,
1262 887 1334 928 per
1355 887 1479 928 quam
1501 877 1543 916 et
1565 887 1659 917 cum
1682 887 1811 929 quaro

250 953 393 985 omnes
423 943 554 985 bonae
585 942 750 985 animae
779 942 887 985 fiunt
917 955 1060 994 unum,
1093 955 1168 985 nec
1196 943 1239 985 in
1270 943 1358 985 ulla
1389 956 1436 985 ex
1466 945 1609 986 eadem
1640 943 1762 986 trini-

251 1012 339 1053 tate
368 1023 543 1067 persona
573 1012 709 1054 minor
749 1012 813 1054 est
853 1024 979 1065 quam
1019 1012 1064 1054 in
1094 1012 1246 1062 tribuS‚
1287 1024 1361 1054 nec
1389 1012 1434 1053 111
1465 1012 1599 1055 tribus
1631 1012 1764 1055 maior

252 1081 316 1123 est
356 1093 482 1134 quam
521 1081 564 1123 in
605 1081 796 1134 singulis,
848 1082 910 1123 sic
947 1083 988 1122 et
1019 1082 1179 1123 animae
1209 1080 1415 1123 humanae
1445 1081 1680 1124 substantia
1710 1080 1763 1122 ad

250 1150 338 1192 eius
379 1149 673 1202 imitationem,
715 1152 832 1193 cuius
868 1151 1006 1204 imago
1038 1150 1113 1201 est,
1157 1161 1232 1192 nec
1271 1149 1314 1192 in
1350 1149 1499 1191 multis
1529 1149 1760 1192 secundum

251 1219 435 1272 aliquam
476 1220 627 1262 molem
658 1219 793 1261 maior
832 1221 896 1261 est
926 1230 1001 1261 nec
1040 1218 1084 1260 in
1114 1218 1290 1272 singulis
1321 1219 1547 1261 secundum
1579 1219 1762 1272 aliquam
1777 1237 1811 1264 15

250 1287 405 1330 molem
436 1289 583 1342 minor,
617 1289 715 1342 quia
744 1287 943 1330 uidelicet
974 1288 1183 1341 potentiae
1214 1290 1312 1330 sunt
1343 1288 1455 1339 illae,
1477 1300 1558 1330 non
1579 1299 1760 1341 corpora.

250 1357 413 1399 creatas
458 1360 600 1399 autem
637 1358 845 1411 potentias
882 1357 1058 1400 creatrix
1095 1358 1237 1411 utique
1276 1358 1462 1410 potentia
1497 1357 1586 1398 iure
1618 1368 1761 1410 super—

249 1425 407 1467 eminet
453 1437 498 1467 eo
544 1426 633 1479 ipso
679 1426 748 1468 uel
793 1427 972 1468 maxime
1014 1437 1092 1480 quo
1134 1425 1305 1468 creauit.
1357 1438 1453 1468 nam
1496 1428 1538 1467 et
1578 1425 1763 1468 animam

246 1493 386 1535 anima
426 1494 770 1548 praestantiorem
811 1506 932 1548 saepe
966 1496 1006 1536 et
1037 1495 1267 1547 experimur
1313 1495 1356 1536 et
1402 1494 1633 1541 didicimus,
1684 1505 1762 1535 nec

247 1562 388 1604 tamen
424 1563 611 1614 eandem,
645 1575 771 1616 quam
802 1563 1031 1605 secundum
1061 1563 1292 1616 potentiam
1321 1562 1666 1616 praestantiorem
1696 1561 1760 1603 di-
1773 1579 1808 1605 20

249 1630 442 1683 dicimus,
484 1630 712 1673 secundum
743 1631 908 1682 molem,
951 1643 1056 1684 quae
1086 1631 1201 1673 nulla
1232 1631 1296 1673 illi
1328 1632 1402 1684 est,
1434 1631 1640 1673 credimus
1673 1642 1761 1672 esse

248 1700 465 1742 maiorem.
516 1700 620 1743 illud
662 1700 791 1742 etiam
821 1712 896 1742 nec
926 1700 967 1741 te
988 1700 1167 1742 arbitror
1197 1699 1370 1742 diffiteri
1400 1699 1629 1754 quamlibet
1651 1699 1758 1741 mul-

247 1770 311 1811 tas
343 1768 503 1811 animas
535 1768 719 1823 perfecte
755 1768 963 1822 sapientes
993 1780 1074 1810 non
1104 1769 1198 1823 plus
1220 1781 1363 1822 sapere
1383 1768 1495 1811 idem
1518 1781 1600 1811 una
1620 1767 1760 1810 anima

385 1933 405 1968 7
432 1934 510 1968 Act.
535 1933 569 1976 4,
594 1932 640 1968 32

316 2087 333 2121 1
361 2087 591 2123 adiunctione
615 2087 697 2122 ΒΗ
701 2088 775 2132 ¹R1,
812 2070 1023 2122 adiun⁰tione
1045 2088 1075 2123 S
1187 2088 1209 2122 3
1234 2087 1291 2121 dei
1315 2087 1455 2132 scripsi,
1494 2086 1558 2122 deo
1582 2087 1666 2122 libri

245 2144 344 2189 uero]
377 2145 413 2179 et
439 2144 526 2180 add.
552 2145 737 2180 Barthius
876 2146 914 2179 111
940 2146 1003 2180 deo
1029 2155 1112 2180 uero
1138 2144 1227 2192 <-i-)
1253 2146 1312 2189 (=
1335 2144 1373 2179 id
1398 2146 1465 2188 est)
1490 2144 1568 2189 ipsa
1592 2144 1757 2179 trinitate

243 2201 337 2236 corii.
370 2201 565 2237 Hartelius
705 2203 726 2237 5
757 2213 832 2237 esse
856 2213 918 2237 nos
952 2202 983 2237 S
1116 2203 1137 2237 6
1167 2212 1232 2237 nos
1256 2202 1369 2247 posse]
1395 2211 1467 2236 non
1491 2211 1589 2246 posse
1613 2202 1665 2235 Α1

246 2258 265 2291 7
291 2257 432 2292 actibus
456 2258 561 2293 D¹M
574 2258 730 2294 editores
870 2270 961 2294 unus
995 2259 1085 2302 Mb,
1126 2269 1240 2293 unum
1264 2258 1340 2295 rell.
1481 2268 1641 2303 unusque
1669 2258 1756 2302 Mb,

244 2325 427 2359 unumque
452 2315 532 2350 rell.
648 2316 671 2350 8
695 2316 836 2350 animus
861 2316 950 2358 Mb,
991 2317 1112 2350 anima
1136 2316 1213 2351 rell.
1333 2315 1377 2350 10
1401 2314 1520 2350 anima
1545 2325 1613 2351 om.
1639 2315 1669 2350 S

247 2378 288 2413 11
314 2378 403 2412 bene
427 2377 464 2413 R
596 2378 634 2412 in
660 2378 747 2423 ulla]
774 2379 873 2413 nulla
898 2379 928 2422 b,
971 2379 1008 2413 in
1033 2379 1097 2413 illa
1121 2379 1293 2414 BDE¹F
1307 2378 1396 2422 sch,
1438 2378 1533 2412 enim
1558 2378 1632 2413 ulla
1657 2379 1755 2414 Bar-

242 2457 342 2493 thius
483 2458 525 2493 15
562 2459 866 2493 maior—molem
899 2469 965 2494 om.
997 2458 1240 2495 ABGOEEF
1375 2459 1417 2494 16
1450 2452 1595 2503 corpora
1630 2458 1664 2494 G

244 2520 288 2554 18
317 2530 386 2565 quo
420 2531 485 2556 om.
520 2520 561 2556 0¹
703 2522 746 2557 19
778 2522 919 2556 animae
950 2521 1314 2557 AB¹0D²GHLRS
1448 2520 1640 2556 didicimus
1672 2520 1753 2564 Mb,

242 2576 396 2612 dicimus
421 2578 499 2613 rell.
525 2582 560 2613 et
585 2578 665 2614 Seh.
804 2578 849 2613 20
880 2579 1071 2614 didicimus
1103 2579 1192 2622 Mb,
1235 2578 1386 2614 dicimus
1418 2579 1497 2613 rell.
1523 2582 1556 2613 et
1581 2577 1660 2613 Sch.

241 2633 287 2667 21
323 2633 400 2669 illic
439 2634 472 2669 G
624 2636 668 2670 23
705 2636 998 2680 non—sapiente
1033 2646 1099 2670 orn.
1137 2635 1234 2671 0¹F1
1372 2635 1466 2670 idem
1504 2646 1575 2669 una
1610 2634 1752 2679 scripsi,

242 2701 313 2725 una
343 2690 471 2726 itidem
503 2692 611 2736 E'G,
653 2692 745 2728 idem
781 2693 908 2728 omisso
940 2704 1010 2728 una
1041 2693 1119 2728 rell.
1147 2697 1181 2728 et
1206 2691 1360 2728 editores
1393 2691 1521 2735 (eidem
1548 2702 1594 2727 ex
1619 2691 1752 2726 ididem
