1884 2998
1443 73 1592 103 XXXIII

96 179 206 237 rell.)
217 214 228 235 ,
278 179 342 233 19,
379 179 429 221 13
470 178 616 221 abhinc
659 178 732 231 (ad
766 178 876 220 hauc
907 179 1037 234 rell.),
1083 180 1150 234 24,
1184 182 1234 222 11
1275 182 1471 225 oberrans
1503 184 1594 238 (ab-

92 261 246 292 errans
275 247 396 301 rell.),
442 247 511 302 25,
542 247 593 288 21
627 250 835 288 uoueraut
866 250 1087 296 (noueruut
1117 248 1243 302 rell.),
1289 250 1356 305 33,
1388 252 1440 293 21
1480 251 1595 295 haud

98 318 194 373 (aut
222 316 346 369 rell.),
379 315 447 367 34,
479 316 507 356 4
538 315 780 369 coutaqione
812 318 925 370 (cum
957 316 1005 367 R,
1037 317 1285 370 coyitatioue
1315 319 1437 373 rell.),
1468 320 1538 375 34,
1569 320 1595 363 9

97 389 145 429 ut
181 385 295 441 (cum
326 384 387 433 H,
427 396 505 426 om.
544 382 670 438 rell.),
716 383 784 434 53,
820 384 870 425 17
910 383 960 425 cle
999 383 1112 438 (cum
1143 383 1314 435 H⁹LS⁹,
1360 398 1439 429 om.
1470 388 1594 442 rell.),

96 455 164 505 54,
201 454 251 495 17
289 451 466 505 suscipit
504 450 616 503 (cum
652 449 712 502 8⁹,
757 451 936 504 suscepit
966 451 1092 502 rell.),
1135 452 1204 507 63,
1236 453 1263 495 5
1299 455 1348 494 ut
1386 453 1496 507 (cum
1535 454 1595 509 8⁹,

92 525 133 565 vet
163 521 289 576 rell.),
335 520 403 571 63,
435 519 489 561 23
519 518 669 561 diuelli
704 518 909 572 (diuidere
939 519 1010 561 illi
1038 520 1132 573 AB,
1179 519 1319 562 diuidi
1350 521 1594 577 DEFLRss,

95 589 285 632 diuidere
314 602 342 629 a
365 590 491 640 parte
521 586 590 629 illi
618 587 750 641 118¹),
791 587 857 637 70,
893 587 945 629 10
974 600 1058 629 esse
1089 600 1169 630 om.
1201 587 1313 643 (cum
1344 590 1409 642 L),
1443 589 1509 642 71,
1544 590 1597 631 14

97 658 288 700 reuisuut
329 655 505 711 (reuersi
543 656 611 698 uel
651 668 812 697 reuerse
848 657 951 697 suut
978 656 1085 709 rell.)
1129 657 1170 698 et
1208 658 1369 710 praeter
1398 658 1470 699 hos
1500 658 1593 712 plus

96 726 269 781 triginta
298 725 411 766 locis.

154 818 291 860 Libris
323 815 457 861 CGM
489 815 837 858 consentientibus
868 815 982 857 nullo
1012 816 1099 857 loco
1130 816 1255 858 codex
1285 816 1331 870 Ε,
1363 817 1399 858 si
1430 817 1594 870 quidem

97 900 122 930 a
152 898 277 928 manu
307 885 437 926 altera
469 884 675 926 correctus
707 884 780 936 est,
814 885 864 926 ab
895 883 980 925 illis
1003 883 1213 926 dissentit.
1244 883 1385 938 itaque
1407 885 1596 927 omnibus

98 956 198 997 locis
230 953 350 995 modo
382 952 520 995 allatis
552 952 586 993 E
617 964 699 993 non
731 951 959 994 correctum
991 963 1079 993 esse
1110 951 1336 993 tenendum
1357 953 1433 994 est.
1481 965 1597 995 acce-

96 1024 160 1065 dit
200 1023 339 1064 autem
382 1021 479 1062 libri
511 1018 564 1061 Ε2
594 1020 899 1062 testimonium:
946 1019 1014 1071 25,
1048 1019 1069 1060 1
1103 1033 1208 1073 quae
1240 1021 1344 1075 (qua
1373 1022 1496 1075 rell.),
1528 1022 1597 1076 26,

99 1093 149 1134 11
187 1088 457 1146 (uideamus)
494 1091 592 1142 (om.
622 1087 746 1142 rell.),
796 1088 863 1139 85,
897 1088 948 1130 21
990 1088 1174 1140 corporis
1218 1089 1440 1142 (corporeis
1470 1089 1597 1144 rell.),

101 1159 194 1209 117,
230 1157 281 1199 17
321 1154 658 1198 intellectualiter
693 1154 1090 1208 (intellectuabiliter
1128 1157 1263 1211 rell.),
1313 1157 1407 1208 122,
1447 1157 1473 1199 9
1512 1170 1599 1199 cre-

97 1225 224 1269 dendi
259 1224 533 1279 (credentibus
563 1223 686 1278 ΓΘΗ),
722 1222 813 1275 145,
850 1224 901 1265 15
930 1226 1067 1265 creato
1103 1225 1260 1276 (creata
1289 1225 1414 1278 rell.),
1449 1226 1542 1277 146,
1574 1225 1600 1267 3

97 1309 146 1337 ex
189 1294 256 1335 his
299 1293 456 1335 duobus
501 1292 608 1346 quod
653 1304 730 1333 om.
778 1292 886 1342 (add.
925 1292 1054 1347 rell.),
1104 1293 1196 1346 172,
1244 1293 1267 1333 7
1311 1295 1600 1347 aryumeutum

99 1362 382 1418 (argumentis
411 1362 529 1414 rell.),
566 1360 661 1415 177,
688 1361 736 1402 11
762 1360 860 1402 istos
894 1360 1015 1413 (istuc
1037 1360 1106 1403 uel
1126 1361 1251 1402 istius
1270 1362 1394 1417 rell.),
1429 1362 1523 1418 177,
1547 1363 1599 1405 12

95 1432 305 1473 homiuem
338 1430 574 1487 (homiuum
599 1430 723 1482 rell.),
758 1429 811 1473 cf.
844 1430 911 1482 86,
949 1430 1013 1471 13.
1045 1430 1114 1483 93,
1147 1430 1186 1472 2.
1220 1431 1314 1481 124,
1341 1431 1380 1473 9.
1415 1430 1508 1482 138,
1533 1431 1598 1473 11.

101 1501 196 1556 150,
233 1502 267 1543 1.
303 1499 397 1548 170,
433 1499 497 1541 19.

158 1590 427 1634 Paucissimis
472 1591 638 1631 tantum
678 1589 780 1631 locis
820 1589 873 1631 ab
915 1589 1061 1644 optimi
1102 1589 1215 1632 illius
1256 1589 1353 1632 libri
1383 1588 1598 1643 scriptura,

99 1660 171 1714 qui
210 1672 406 1703 consensu
447 1659 635 1700 codicum
667 1657 902 1711 CGMOE2)
945 1659 1291 1711 repraesentatur,
1333 1658 1600 1700 recedendum

101 1742 188 1771 esse
228 1727 387 1783 putaui.
439 1727 506 1781 26,
537 1727 564 1769 2
604 1728 715 1769 enim
753 1726 985 1769 occultatur
1026 1739 1097 1780 pro
1128 1727 1332 1769 occulitur
1364 1725 1529 1780 (GGM)
1561 1728 1602 1767 et

101 1798 168 1848 26,
202 1798 228 1839 3
258 1796 463 1838 occultari
493 1807 566 1849 pro
599 1795 734 1837 occuli
763 1794 941 1850 (OGM)
972 1796 1231 1838 scribendum
1264 1807 1352 1837 esse
1383 1794 1603 1836 uidebatur

101 1867 268 1920 propter
313 1864 550 1907 occultandi
595 1864 770 1906 uerbum
816 1864 941 1906 etiam
986 1865 1055 1916 25,
1099 1863 1151 1905 14
1194 1863 1429 1905 adhibitum
1474 1874 1603 1916 neque

101 1934 276 1976 uerbum
319 1932 672 1987 frequentatiuum
704 1931 858 1987 optime
898 1932 1095 1986 quadrare
1125 1932 1264 1986 negari
1295 1932 1441 1984 potest.
1500 1930 1602 1972 adde

101 2004 210 2058 quod
259 2003 393 2056 priore
443 2002 530 2043 loco
582 2001 767 2054 proxime
817 2001 1022 2043 antecedit
1060 2000 1330 2052 propalatur,
1381 1998 1487 2040 unde
1531 2010 1602 2051 per

101 2070 425 2125 ὀμοιοτέλευτον
455 2068 686 2111 occultatur
715 2068 989 2112 Claudianum
1021 2069 1229 2122 scripsisse
1261 2068 1378 2110 facile
1409 2066 1601 2108 conicias.

101 2140 227 2182 ceteri
260 2139 352 2189 loci,
385 2138 534 2192 quibus
565 2138 708 2180 contra
736 2137 870 2180 CGM
899 2138 1151 2191 reliquorum
1188 2137 1371 2179 codicum
1413 2135 1604 2178 lectiones

101 2209 344 2262 recepimus,
389 2208 523 2249 multo
569 2206 739 2249 minoris
783 2206 982 2248 momenti
1021 2205 1130 2254 sunt,
1178 2206 1292 2247 uelut
1337 2205 1403 2258 26,
1440 2204 1486 2244 2]
1532 2202 1605 2245 ubi

102 2276 282 2319 CGMR
313 2276 408 2318 istic
438 2288 512 2329 pro
543 2275 639 2327 ista,
671 2275 741 2329 27,
772 2275 799 2316 2
831 2275 901 2317 ubi
931 2287 1037 2327 quae
1065 2274 1155 2327 ipse
1183 2286 1256 2327 pro
1277 2273 1366 2326 ipse
1386 2284 1504 2325 quae,
1534 2271 1602 2321 59,

102 2346 130 2387 9
162 2347 203 2387 et
234 2345 300 2397 97,
333 2345 385 2386 21
417 2344 490 2386 ubi
520 2343 623 2397 quia
653 2356 725 2398 pro
755 2356 840 2396 qua
868 2342 1079 2397 praebent.

161 2447 252 2488 Iam
284 2458 380 2488 uero
412 2446 448 2487 si
480 2458 540 2497 ea,
573 2457 676 2499 quae
697 2445 778 2486 huc
799 2456 927 2498 usque
948 2444 1262 2498 disputauimuS,
1285 2442 1600 2495 consideramus,

104 2514 154 2556 de
196 2514 365 2568 optimis
407 2513 621 2556 Claudiani
666 2512 785 2555 libris
825 2513 926 2554 haec
966 2513 1192 2554 redundare
1233 2510 1436 2552 uidentur.
1486 2521 1602 2562 prae-

104 2583 388 2625 stantissimus
430 2583 494 2625 est
530 2583 653 2624 codex
684 2582 749 2634 M,
797 2581 862 2622 cui
894 2580 1080 2622 bonitate
1110 2579 1292 2633 proxime
1322 2577 1523 2620 accedunt
1553 2576 1603 2630 G,

103 2663 197 2692 cum
231 2663 310 2705 quo
342 2650 397 2693 ΕΩ
439 2653 526 2693 arte
568 2651 769 2701 cohaeret,
811 2651 852 2692 et
883 2648 926 2691 C.
978 2650 1047 2691 sed
1079 2650 1120 2690 et
1150 2648 1195 2689 M
1225 2647 1268 2689 et
1298 2646 1333 2689 G
1362 2644 1603 2688 arbitrariae

173 2729 239 2764 XI.
1450 2734 1468 2758 c
