<?xml version="1.0" encoding="UTF-8"?>
<!DOCTYPE html PUBLIC "-//W3C//DTD XHTML 1.0 Transitional//EN"
    "http://www.w3.org/TR/xhtml1/DTD/xhtml1-transitional.dtd">
<html xmlns="http://www.w3.org/1999/xhtml" xml:lang="en" lang="en">
 <head>
  <title>
</title>
<meta http-equiv="Content-Type" content="text/html;charset=utf-8" />
  <meta name='ocr-system' content='tesseract 3.04.00' />
  <meta name='ocr-capabilities' content='ocr_page ocr_carea ocr_par ocr_line ocrx_word'/>
</head>
<body>
  <div class='ocr_page' id='page_1' title='image "./corpusscriptorum11clauuoft_0079.png"; bbox 0 0 1884 2998; ppageno 0'>
   <div class='ocr_carea' id='block_1_1' title="bbox 624 104 1629 153">
    <p class='ocr_par' dir='ltr' id='par_1_1' title="bbox 624 104 1629 153">
     <span class='ocr_line' id='line_1_1' title="bbox 624 104 1629 153; baseline 0.008 -16"><span class='ocrx_word' id='word_1_1' title='bbox 624 104 683 138; x_wconf 84' lang='lat' dir='ltr'>De</span> <span class='ocrx_word' id='word_1_2' title='bbox 706 105 833 139; x_wconf 75' lang='lat' dir='ltr'>statu</span> <span class='ocrx_word' id='word_1_3' title='bbox 858 105 1031 141; x_wconf 78' lang='lat' dir='ltr'>animae</span> <span class='ocrx_word' id='word_1_4' title='bbox 1061 106 1079 142; x_wconf 95' lang='lat' dir='ltr'>I</span> <span class='ocrx_word' id='word_1_5' title='bbox 1104 106 1136 141; x_wconf 83' lang='lat'>2.</span> <span class='ocrx_word' id='word_1_6' title='bbox 1571 110 1629 153; x_wconf 80' lang='lat'>25</span> 
     </span>
    </p>
   </div>
   <div class='ocr_carea' id='block_1_2' title="bbox 83 228 1629 886">
    <p class='ocr_par' dir='ltr' id='par_1_2' title="bbox 83 228 1629 886">
     <span class='ocr_line' id='line_1_2' title="bbox 129 228 1627 282; baseline 0.005 -13"><span class='ocrx_word' id='word_1_7' title='bbox 129 229 170 270; x_wconf 91' lang='lat' dir='ltr'>in</span> <span class='ocrx_word' id='word_1_8' title='bbox 211 228 270 270; x_wconf 83' lang='grc'>013</span> <span class='ocrx_word' id='word_1_9' title='bbox 310 229 490 270; x_wconf 83' lang='grc'>3010111113</span> <span class='ocrx_word' id='word_1_10' title='bbox 535 228 648 277; x_wconf 87' lang='grc'>10013,</span> <span class='ocrx_word' id='word_1_11' title='bbox 680 241 784 282; x_wconf 85' lang='lat' dir='ltr'>quae</span> <span class='ocrx_word' id='word_1_12' title='bbox 815 230 882 270; x_wconf 91' lang='lat' dir='ltr'>uel</span> <span class='ocrx_word' id='word_1_13' title='bbox 913 229 1096 271; x_wconf 91' lang='lat' dir='ltr'>humoris</span> <span class='ocrx_word' id='word_1_14' title='bbox 1127 231 1289 273; x_wconf 83' lang='lat' dir='ltr'><strong>adsidui</strong></span> <span class='ocrx_word' id='word_1_15' title='bbox 1318 232 1627 276; x_wconf 88' lang='lat' dir='ltr'>subterluuione</span> 
     </span>
     <span class='ocr_line' id='line_1_3' title="bbox 129 295 1626 351; baseline 0.005 -14"><span class='ocrx_word' id='word_1_16' title='bbox 129 295 320 338; x_wconf 89' lang='lat' dir='ltr'>cedentia</span> <span class='ocrx_word' id='word_1_17' title='bbox 349 296 417 337; x_wconf 90' lang='lat' dir='ltr'>uel</span> <span class='ocrx_word' id='word_1_18' title='bbox 448 295 533 337; x_wconf 91' lang='lat' dir='ltr'>leui</span> <span class='ocrx_word' id='word_1_19' title='bbox 563 302 690 349; x_wconf 79' lang='lat' dir='ltr'>prono</span> <span class='ocrx_word' id='word_1_20' title='bbox 721 296 885 338; x_wconf 88' lang='lat' dir='ltr'>lubrica</span> <span class='ocrx_word' id='word_1_21' title='bbox 915 297 981 338; x_wconf 85' lang='lat' dir='ltr'>uel</span> <span class='ocrx_word' id='word_1_22' title='bbox 1018 309 1118 338; x_wconf 89' lang='lat' dir='ltr'>cauo</span> <span class='ocrx_word' id='word_1_23' title='bbox 1147 299 1324 351; x_wconf 89' lang='lat' dir='ltr'>pendula</span> <span class='ocrx_word' id='word_1_24' title='bbox 1353 301 1418 342; x_wconf 90' lang='lat' dir='ltr'>uel</span> <span class='ocrx_word' id='word_1_25' title='bbox 1455 302 1626 344; x_wconf 87' lang='lat' dir='ltr'>sudibus</span> 
     </span>
     <span class='ocr_line' id='line_1_4' title="bbox 129 363 1625 420; baseline 0.004 -14"><span class='ocrx_word' id='word_1_26' title='bbox 129 377 274 417; x_wconf 89' lang='lat' dir='ltr'>aspera</span> <span class='ocrx_word' id='word_1_27' title='bbox 306 367 424 414; x_wconf 86' lang='lat' dir='ltr'>sunt,</span> <span class='ocrx_word' id='word_1_28' title='bbox 464 375 659 416; x_wconf 88' lang='lat' dir='ltr'>suspenso</span> <span class='ocrx_word' id='word_1_29' title='bbox 690 364 868 417; x_wconf 88' lang='lat' dir='ltr'>uestigio</span> <span class='ocrx_word' id='word_1_30' title='bbox 900 363 980 406; x_wconf 89' lang='lat' dir='ltr'>iter</span> <span class='ocrx_word' id='word_1_31' title='bbox 1010 364 1266 419; x_wconf 86' lang='lat' dir='ltr'>incognitum</span> <span class='ocrx_word' id='word_1_32' title='bbox 1297 369 1433 420; x_wconf 84' lang='lat' dir='ltr'>potius</span> <span class='ocrx_word' id='word_1_33' title='bbox 1463 372 1625 412; x_wconf 85' lang='lat' dir='ltr'>tentare</span> 
     </span>
     <span class='ocr_line' id='line_1_5' title="bbox 130 431 1625 489; baseline 0.003 -15"><span class='ocrx_word' id='word_1_34' title='bbox 130 445 253 486; x_wconf 90' lang='lat' dir='ltr'>quam</span> <span class='ocrx_word' id='word_1_35' title='bbox 292 445 466 480; x_wconf 84' lang='lat' dir='ltr'>currere,</span> <span class='ocrx_word' id='word_1_36' title='bbox 505 432 633 473; x_wconf 91' lang='lat' dir='ltr'>donec</span> <span class='ocrx_word' id='word_1_37' title='bbox 674 431 833 482; x_wconf 75' lang='lat' dir='ltr'>tertiae,</span> <span class='ocrx_word' id='word_1_38' title='bbox 877 433 924 474; x_wconf 91' lang='lat' dir='ltr'>ut</span> <span class='ocrx_word' id='word_1_39' title='bbox 962 432 1049 474; x_wconf 90' lang='lat' dir='ltr'>illic</span> <span class='ocrx_word' id='word_1_40' title='bbox 1080 435 1157 483; x_wconf 81' lang='lat' dir='ltr'>est,</span> <span class='ocrx_word' id='word_1_41' title='bbox 1188 438 1345 487; x_wconf 85' lang='lat' dir='ltr'>partem</span> <span class='ocrx_word' id='word_1_42' title='bbox 1377 437 1625 489; x_wconf 75' lang='lat' dir='ltr'>quaestionis</span> 
     </span>
     <span class='ocr_line' id='line_1_6' title="bbox 99 501 1625 555; baseline 0.004 -13"><span class='ocrx_word' id='word_1_43' title='bbox 99 501 349 554; x_wconf 78' lang='lat' dir='ltr'>5ingredior.</span> <span class='ocrx_word' id='word_1_44' title='bbox 401 501 497 542; x_wconf 87' lang='lat' dir='ltr'>hinc</span> <span class='ocrx_word' id='word_1_45' title='bbox 526 501 609 542; x_wconf 85' lang='lat' dir='ltr'>iam</span> <span class='ocrx_word' id='word_1_46' title='bbox 642 513 720 542; x_wconf 91' lang='lat' dir='ltr'>non</span> <span class='ocrx_word' id='word_1_47' title='bbox 753 502 1011 554; x_wconf 82' lang='lat' dir='ltr'>exploranda,</span> <span class='ocrx_word' id='word_1_48' title='bbox 1045 503 1115 543; x_wconf 87' lang='lat' dir='ltr'>sed</span> <span class='ocrx_word' id='word_1_49' title='bbox 1147 504 1397 555; x_wconf 82' lang='lat' dir='ltr'>explodenda</span> <span class='ocrx_word' id='word_1_50' title='bbox 1418 507 1625 548; x_wconf 86' lang='lat' dir='ltr'>sententia</span> 
     </span>
     <span class='ocr_line' id='line_1_7' title="bbox 129 568 1629 626; baseline 0.003 -15"><span class='ocrx_word' id='word_1_51' title='bbox 129 582 387 623; x_wconf 87' lang='lat' dir='ltr'>nequaquam</span> <span class='ocrx_word' id='word_1_52' title='bbox 419 568 537 622; x_wconf 88' lang='lat' dir='ltr'>pensi</span> <span class='ocrx_word' id='word_1_53' title='bbox 567 569 765 610; x_wconf 89' lang='lat' dir='ltr'>sermonis</span> <span class='ocrx_word' id='word_1_54' title='bbox 797 570 986 623; x_wconf 77' lang='lat' dir='ltr'>adparuit</span> <span class='ocrx_word' id='word_1_55' title='bbox 1018 571 1118 612; x_wconf 89' lang='lat' dir='ltr'>satis</span> <span class='ocrx_word' id='word_1_56' title='bbox 1149 572 1289 612; x_wconf 89' lang='lat' dir='ltr'>sedulo</span> <span class='ocrx_word' id='word_1_57' title='bbox 1320 573 1475 614; x_wconf 85' lang='lat' dir='ltr'>efficere</span> <span class='ocrx_word' id='word_1_58' title='bbox 1513 574 1629 626; x_wconf 90' lang='lat' dir='ltr'>cupi-</span> 
     </span>
     <span class='ocr_line' id='line_1_8' title="bbox 130 638 1625 692; baseline 0.004 -14"><span class='ocrx_word' id='word_1_59' title='bbox 130 650 214 687; x_wconf 91' lang='lat' dir='ltr'>ens,</span> <span class='ocrx_word' id='word_1_60' title='bbox 247 638 282 679; x_wconf 91' lang='lat' dir='ltr'>si</span> <span class='ocrx_word' id='word_1_61' title='bbox 314 650 392 690; x_wconf 90' lang='lat' dir='ltr'>quo</span> <span class='ocrx_word' id='word_1_62' title='bbox 424 639 542 691; x_wconf 86' lang='lat' dir='ltr'>pacto</span> <span class='ocrx_word' id='word_1_63' title='bbox 574 639 710 691; x_wconf 90' lang='lat' dir='ltr'>queat,</span> <span class='ocrx_word' id='word_1_64' title='bbox 743 641 789 679; x_wconf 93' lang='lat' dir='ltr'>ut</span> <span class='ocrx_word' id='word_1_65' title='bbox 820 638 959 680; x_wconf 86' lang='lat' dir='ltr'>anima</span> <span class='ocrx_word' id='word_1_66' title='bbox 981 651 1126 692; x_wconf 90' lang='lat' dir='ltr'>corpus</span> <span class='ocrx_word' id='word_1_67' title='bbox 1148 653 1235 681; x_wconf 93' lang='lat' dir='ltr'>esse</span> <span class='ocrx_word' id='word_1_68' title='bbox 1258 641 1462 683; x_wconf 88' lang='lat' dir='ltr'>uideatur.</span> <span class='ocrx_word' id='word_1_69' title='bbox 1512 642 1625 684; x_wconf 89' lang='lat' dir='ltr'>nulla</span> 
     </span>
     <span class='ocr_line' id='line_1_9' title="bbox 129 705 1624 763; baseline 0.003 -16"><span class='ocrx_word' id='word_1_70' title='bbox 129 705 259 759; x_wconf 84' lang='lat' dir='ltr'>igitur</span> <span class='ocrx_word' id='word_1_71' title='bbox 288 707 604 760; x_wconf 88' lang='lat' dir='ltr'>argumentandi</span> <span class='ocrx_word' id='word_1_72' title='bbox 634 706 805 760; x_wconf 87' lang='lat' dir='ltr'>uirtute,</span> <span class='ocrx_word' id='word_1_73' title='bbox 838 706 952 748; x_wconf 90' lang='lat' dir='ltr'>nulla</span> <span class='ocrx_word' id='word_1_74' title='bbox 983 709 1147 750; x_wconf 90' lang='lat' dir='ltr'>iubente</span> <span class='ocrx_word' id='word_1_75' title='bbox 1179 709 1285 763; x_wconf 82' lang='lat' dir='ltr'>lege,</span> <span class='ocrx_word' id='word_1_76' title='bbox 1318 709 1435 751; x_wconf 89' lang='lat' dir='ltr'>nulla</span> <span class='ocrx_word' id='word_1_77' title='bbox 1459 722 1624 763; x_wconf 89' lang='lat' dir='ltr'>persua-</span> 
     </span>
     <span class='ocr_line' id='line_1_10' title="bbox 129 774 1627 831; baseline 0.002 -15"><span class='ocrx_word' id='word_1_78' title='bbox 129 775 253 816; x_wconf 90' lang='lat' dir='ltr'>dente</span> <span class='ocrx_word' id='word_1_79' title='bbox 284 775 439 816; x_wconf 89' lang='lat' dir='ltr'>ratione</span> <span class='ocrx_word' id='word_1_80' title='bbox 469 775 512 816; x_wconf 92' lang='lat' dir='ltr'>in</span> <span class='ocrx_word' id='word_1_81' title='bbox 541 775 617 816; x_wconf 89' lang='lat' dir='ltr'>hoc</span> <span class='ocrx_word' id='word_1_82' title='bbox 647 774 899 829; x_wconf 84' lang='lat' dir='ltr'>nequiquam</span> <span class='ocrx_word' id='word_1_83' title='bbox 921 776 1116 818; x_wconf 90' lang='lat' dir='ltr'>uidelicet</span> <span class='ocrx_word' id='word_1_84' title='bbox 1139 777 1302 831; x_wconf 88' lang='lat' dir='ltr'>negotio</span> <span class='ocrx_word' id='word_1_85' title='bbox 1325 779 1470 819; x_wconf 85' lang='lat' dir='ltr'>tertius</span> <span class='ocrx_word' id='word_1_86' title='bbox 1495 790 1627 820; x_wconf 85' lang='lat' dir='ltr'>sermo</span> 
     </span>
     <span class='ocr_line' id='line_1_11' title="bbox 83 842 287 886; baseline -0.01 0"><span class='ocrx_word' id='word_1_87' title='bbox 83 861 116 886; x_wconf 87' lang='grc' dir='ltr'>ιο</span> <span class='ocrx_word' id='word_1_88' title='bbox 130 842 287 884; x_wconf 90' lang='lat' dir='ltr'>finitur.</span> 
     </span>
    </p>
   </div>
   <div class='ocr_carea' id='block_1_3' title="bbox 82 923 1629 2006">
    <p class='ocr_par' dir='ltr' id='par_1_3' title="bbox 129 923 1628 1114">
     <span class='ocr_line' id='line_1_12' title="bbox 187 923 1628 978; baseline 0.001 -13"><span class='ocrx_word' id='word_1_89' title='bbox 187 925 249 966; x_wconf 93' lang='lat' dir='ltr'>Ac</span> <span class='ocrx_word' id='word_1_90' title='bbox 298 923 401 965; x_wconf 92' lang='lat' dir='ltr'>mihi</span> <span class='ocrx_word' id='word_1_91' title='bbox 449 923 632 976; x_wconf 87' lang='lat' dir='ltr'>primum</span> <span class='ocrx_word' id='word_1_92' title='bbox 682 935 875 977; x_wconf 84' lang='lat' dir='ltr'>quaerere</span> <span class='ocrx_word' id='word_1_93' title='bbox 926 925 1039 966; x_wconf 91' lang='lat' dir='ltr'>cordi</span> <span class='ocrx_word' id='word_1_94' title='bbox 1089 927 1164 976; x_wconf 90' lang='lat' dir='ltr'>est,</span> <span class='ocrx_word' id='word_1_95' title='bbox 1216 925 1409 978; x_wconf 89' lang='lat' dir='ltr'>quidnam</span> <span class='ocrx_word' id='word_1_96' title='bbox 1459 925 1628 966; x_wconf 87' lang='lat' dir='ltr'>rationis</span> 
     </span>
     <span class='ocr_line' id='line_1_13' title="bbox 131 991 1626 1046; baseline 0 -12"><span class='ocrx_word' id='word_1_97' title='bbox 131 993 345 1042; x_wconf 84' lang='lat' dir='ltr'>exstiterit,</span> <span class='ocrx_word' id='word_1_98' title='bbox 394 994 440 1033; x_wconf 93' lang='lat' dir='ltr'>ut</span> <span class='ocrx_word' id='word_1_99' title='bbox 485 993 626 1033; x_wconf 88' lang='lat' dir='ltr'>tantas</span> <span class='ocrx_word' id='word_1_100' title='bbox 671 991 852 1034; x_wconf 90' lang='lat' dir='ltr'>initurus</span> <span class='ocrx_word' id='word_1_101' title='bbox 899 1004 1040 1035; x_wconf 85' lang='lat' dir='ltr'>causas</span> <span class='ocrx_word' id='word_1_102' title='bbox 1085 994 1213 1046; x_wconf 89' lang='lat' dir='ltr'>deque</span> <span class='ocrx_word' id='word_1_103' title='bbox 1249 995 1337 1035; x_wconf 90' lang='lat' dir='ltr'>tam</span> <span class='ocrx_word' id='word_1_104' title='bbox 1382 993 1626 1035; x_wconf 86' lang='lat' dir='ltr'>sublimibus</span> 
     </span>
     <span class='ocr_line' id='line_1_14' title="bbox 129 1060 1626 1114; baseline -0.001 -12"><span class='ocrx_word' id='word_1_105' title='bbox 129 1062 343 1103; x_wconf 89' lang='lat' dir='ltr'>locuturus</span> <span class='ocrx_word' id='word_1_106' title='bbox 377 1060 474 1102; x_wconf 90' lang='lat' dir='ltr'>sciri</span> <span class='ocrx_word' id='word_1_107' title='bbox 515 1060 727 1102; x_wconf 89' lang='lat' dir='ltr'>uitauerit.</span> <span class='ocrx_word' id='word_1_108' title='bbox 779 1060 935 1102; x_wconf 89' lang='lat' dir='ltr'>sibene</span> <span class='ocrx_word' id='word_1_109' title='bbox 957 1061 1142 1102; x_wconf 85' lang='lat' dir='ltr'>conscius</span> <span class='ocrx_word' id='word_1_110' title='bbox 1163 1061 1361 1114; x_wconf 79' lang='lat' dir='ltr'>disputas,</span> <span class='ocrx_word' id='word_1_111' title='bbox 1385 1073 1457 1102; x_wconf 88' lang='lat' dir='ltr'>cur</span> <span class='ocrx_word' id='word_1_112' title='bbox 1478 1072 1626 1102; x_wconf 89' lang='lat' dir='ltr'>nomen</span> 
     </span>
    </p>

    <p class='ocr_par' dir='ltr' id='par_1_4' title="bbox 82 1129 1629 2006">
     <span class='ocr_line' id='line_1_15' title="bbox 84 1129 1626 1183; baseline -0.001 -11"><span class='ocrx_word' id='word_1_113' title='bbox 84 1176 87 1179; x_wconf 65' lang='grc'>,</span> <span class='ocrx_word' id='word_1_114' title='bbox 130 1129 344 1172; x_wconf 76' lang='lat' dir='ltr'>occultas?</span> <span class='ocrx_word' id='word_1_115' title='bbox 377 1130 411 1171; x_wconf 92' lang='lat' dir='ltr'>si</span> <span class='ocrx_word' id='word_1_116' title='bbox 453 1130 621 1183; x_wconf 83' lang='lat' dir='ltr'>agnosci</span> <span class='ocrx_word' id='word_1_117' title='bbox 660 1130 826 1180; x_wconf 88' lang='lat' dir='ltr'>metuis,</span> <span class='ocrx_word' id='word_1_118' title='bbox 870 1141 941 1171; x_wconf 90' lang='lat' dir='ltr'>cur</span> <span class='ocrx_word' id='word_1_119' title='bbox 980 1141 1078 1183; x_wconf 89' lang='lat' dir='ltr'>opus</span> <span class='ocrx_word' id='word_1_120' title='bbox 1109 1129 1259 1183; x_wconf 70' lang='grc'>11101113,</span> <span class='ocrx_word' id='word_1_121' title='bbox 1292 1143 1342 1171; x_wconf 89' lang='grc'>110</span> <span class='ocrx_word' id='word_1_122' title='bbox 1374 1129 1522 1179; x_wconf 86' lang='lat' dir='ltr'>dicam,</span> <span class='ocrx_word' id='word_1_123' title='bbox 1554 1141 1626 1171; x_wconf 88' lang='lat' dir='ltr'>cur</span> 
     </span>
     <span class='ocr_line' id='line_1_16' title="bbox 84 1197 1627 1252; baseline -0.002 -11"><span class='ocrx_word' id='word_1_124' title='bbox 84 1218 115 1242; x_wconf 86' lang='lat'>15</span> <span class='ocrx_word' id='word_1_125' title='bbox 129 1199 210 1240; x_wconf 91' lang='lat' dir='ltr'>ista</span> <span class='ocrx_word' id='word_1_126' title='bbox 249 1197 499 1240; x_wconf 78' lang='lat' dir='ltr'>conscribis?</span> <span class='ocrx_word' id='word_1_127' title='bbox 539 1210 592 1239; x_wconf 88' lang='lat' dir='ltr'>an</span> <span class='ocrx_word' id='word_1_128' title='bbox 622 1198 825 1240; x_wconf 90' lang='lat' dir='ltr'>maiorum</span> <span class='ocrx_word' id='word_1_129' title='bbox 861 1210 983 1252; x_wconf 91' lang='lat' dir='ltr'>super</span> <span class='ocrx_word' id='word_1_130' title='bbox 1013 1197 1090 1239; x_wconf 90' lang='lat' dir='ltr'>hoc</span> <span class='ocrx_word' id='word_1_131' title='bbox 1121 1197 1295 1239; x_wconf 74' lang='lat' dir='ltr'>forsitan</span> <span class='ocrx_word' id='word_1_132' title='bbox 1326 1197 1510 1250; x_wconf 82' lang='lat' dir='ltr'>exempla</span> <span class='ocrx_word' id='word_1_133' title='bbox 1540 1209 1627 1238; x_wconf 89' lang='lat' dir='ltr'>sec-</span> 
     </span>
     <span class='ocr_line' id='line_1_17' title="bbox 129 1264 1628 1320; baseline -0.001 -12"><span class='ocrx_word' id='word_1_134' title='bbox 129 1268 263 1309; x_wconf 76' lang='lat' dir='ltr'>taris?</span> <span class='ocrx_word' id='word_1_135' title='bbox 295 1266 366 1308; x_wconf 87' lang='lat' dir='ltr'>sed</span> <span class='ocrx_word' id='word_1_136' title='bbox 397 1265 516 1308; x_wconf 91' lang='lat' dir='ltr'>uideo</span> <span class='ocrx_word' id='word_1_137' title='bbox 547 1266 782 1320; x_wconf 84' lang='lat' dir='ltr'>prophetas,</span> <span class='ocrx_word' id='word_1_138' title='bbox 814 1265 1102 1320; x_wconf 87' lang='lat' dir='ltr'>euangelistas,</span> <span class='ocrx_word' id='word_1_139' title='bbox 1135 1266 1349 1319; x_wconf 86' lang='lat' dir='ltr'>apostolos,</span> <span class='ocrx_word' id='word_1_140' title='bbox 1386 1267 1479 1318; x_wconf 91' lang='lat' dir='ltr'>post</span> <span class='ocrx_word' id='word_1_141' title='bbox 1500 1264 1628 1306; x_wconf 86' lang='lat' dir='ltr'>etiam</span> 
     </span>
     <span class='ocr_line' id='line_1_18' title="bbox 129 1333 1628 1388; baseline -0.003 -10"><span class='ocrx_word' id='word_1_142' title='bbox 129 1335 463 1378; x_wconf 89' lang='lat' dir='ltr'>authenticorum</span> <span class='ocrx_word' id='word_1_143' title='bbox 503 1335 702 1388; x_wconf 90' lang='lat' dir='ltr'>plurimos</span> <span class='ocrx_word' id='word_1_144' title='bbox 742 1334 990 1376; x_wconf 74' lang='lat' dir='ltr'>tractatores</span> <span class='ocrx_word' id='word_1_145' title='bbox 1030 1346 1105 1375; x_wconf 92' lang='lat' dir='ltr'>sua</span> <span class='ocrx_word' id='word_1_146' title='bbox 1142 1333 1319 1387; x_wconf 90' lang='lat' dir='ltr'>propriis</span> <span class='ocrx_word' id='word_1_147' title='bbox 1350 1333 1628 1375; x_wconf 91' lang='lat' dir='ltr'>uoluminibus</span> 
     </span>
     <span class='ocr_line' id='line_1_19' title="bbox 130 1392 1625 1458; baseline -0.003 -12"><span class='ocrx_word' id='word_1_148' title='bbox 130 1392 297 1446; x_wconf 86' lang='lat' dir='ltr'>nomina</span> <span class='ocrx_word' id='word_1_149' title='bbox 346 1406 629 1458; x_wconf 85' lang='lat' dir='ltr'>praenotasse,</span> <span class='ocrx_word' id='word_1_150' title='bbox 680 1404 784 1445; x_wconf 87' lang='lat' dir='ltr'>alios</span> <span class='ocrx_word' id='word_1_151' title='bbox 836 1404 964 1445; x_wconf 86' lang='lat' dir='ltr'>etiam</span> <span class='ocrx_word' id='word_1_152' title='bbox 1013 1414 1185 1455; x_wconf 88' lang='lat' dir='ltr'>operum</span> <span class='ocrx_word' id='word_1_153' title='bbox 1235 1414 1401 1443; x_wconf 87' lang='lat' dir='ltr'>suorum</span> <span class='ocrx_word' id='word_1_154' title='bbox 1451 1401 1625 1454; x_wconf 88' lang='lat' dir='ltr'>propriis</span> 
     </span>
     <span class='ocr_line' id='line_1_20' title="bbox 129 1470 1628 1526; baseline -0.003 -12"><span class='ocrx_word' id='word_1_155' title='bbox 129 1472 341 1515; x_wconf 89' lang='lat' dir='ltr'>uocabulis</span> <span class='ocrx_word' id='word_1_156' title='bbox 364 1472 577 1515; x_wconf 84' lang='lat' dir='ltr'>inchoasse</span> <span class='ocrx_word' id='word_1_157' title='bbox 599 1472 815 1526; x_wconf 89' lang='lat' dir='ltr'>principia,</span> <span class='ocrx_word' id='word_1_158' title='bbox 838 1475 884 1515; x_wconf 92' lang='lat' dir='ltr'>ut</span> <span class='ocrx_word' id='word_1_159' title='bbox 906 1473 970 1514; x_wconf 91' lang='lat' dir='ltr'>est</span> <span class='ocrx_word' id='word_1_160' title='bbox 990 1472 1117 1514; x_wconf 88' lang='lat' dir='ltr'>illud:</span> <span class='ocrx_word' id='word_1_161' title='bbox 1140 1472 1327 1513; x_wconf 84' lang='lat' dir='ltr'>Petrus</span> <span class='ocrx_word' id='word_1_162' title='bbox 1360 1470 1628 1522; x_wconf 91' lang='lat' dir='ltr'>apostolus</span> 
     </span>
     <span class='ocr_line' id='line_1_21' title="bbox 82 1538 1628 1596; baseline -0.004 -12"><span class='ocrx_word' id='word_1_163' title='bbox 82 1540 353 1593; x_wconf 77' lang='lat' dir='ltr'>2oChristi,</span> <span class='ocrx_word' id='word_1_164' title='bbox 401 1543 442 1584; x_wconf 88' lang='lat' dir='ltr'>et</span> <span class='ocrx_word' id='word_1_165' title='bbox 489 1542 705 1596; x_wconf 86' lang='lat' dir='ltr'>Paulus,</span> <span class='ocrx_word' id='word_1_166' title='bbox 752 1555 827 1583; x_wconf 91' lang='lat' dir='ltr'>nec</span> <span class='ocrx_word' id='word_1_167' title='bbox 872 1554 951 1584; x_wconf 90' lang='lat' dir='ltr'>non</span> <span class='ocrx_word' id='word_1_168' title='bbox 997 1541 1070 1582; x_wconf 89' lang='lat' dir='ltr'>alii</span> <span class='ocrx_word' id='word_1_169' title='bbox 1118 1543 1240 1593; x_wconf 89' lang='lat' dir='ltr'>atque</span> <span class='ocrx_word' id='word_1_170' title='bbox 1279 1539 1351 1581; x_wconf 90' lang='lat' dir='ltr'>alii</span> <span class='ocrx_word' id='word_1_171' title='bbox 1391 1538 1628 1579; x_wconf 84' lang='lat' dir='ltr'>fundatores</span> 
     </span>
     <span class='ocr_line' id='line_1_22' title="bbox 130 1607 1629 1664; baseline -0.004 -12"><span class='ocrx_word' id='word_1_172' title='bbox 130 1610 328 1653; x_wconf 89' lang='lat' dir='ltr'>ecclesiae</span> <span class='ocrx_word' id='word_1_173' title='bbox 360 1613 484 1664; x_wconf 90' lang='lat' dir='ltr'>atque</span> <span class='ocrx_word' id='word_1_174' title='bbox 515 1610 763 1652; x_wconf 81' lang='lat' dir='ltr'>eruditores:</span> <span class='ocrx_word' id='word_1_175' title='bbox 802 1610 998 1651; x_wconf 90' lang='lat' dir='ltr'>uidelicet</span> <span class='ocrx_word' id='word_1_176' title='bbox 1019 1609 1302 1663; x_wconf 90' lang='lat' dir='ltr'>praecauenda</span> <span class='ocrx_word' id='word_1_177' title='bbox 1323 1607 1407 1649; x_wconf 86' lang='lat' dir='ltr'>fore</span> <span class='ocrx_word' id='word_1_178' title='bbox 1429 1610 1629 1647; x_wconf 88' lang='lat' dir='ltr'>nouerant</span> 
     </span>
     <span class='ocr_line' id='line_1_23' title="bbox 130 1674 1625 1733; baseline -0.004 -13"><span class='ocrx_word' id='word_1_179' title='bbox 130 1679 458 1733; x_wconf 85' lang='lat' dir='ltr'>apocryphorum</span> <span class='ocrx_word' id='word_1_180' title='bbox 497 1692 603 1721; x_wconf 89' lang='lat' dir='ltr'>uana</span> <span class='ocrx_word' id='word_1_181' title='bbox 641 1679 708 1720; x_wconf 91' lang='lat' dir='ltr'>uel</span> <span class='ocrx_word' id='word_1_182' title='bbox 749 1679 880 1721; x_wconf 84' lang='lat' dir='ltr'>noxia.</span> <span class='ocrx_word' id='word_1_183' title='bbox 932 1678 1005 1719; x_wconf 91' lang='lat' dir='ltr'>sed</span> <span class='ocrx_word' id='word_1_184' title='bbox 1047 1690 1096 1718; x_wconf 90' lang='lat' dir='ltr'>ne</span> <span class='ocrx_word' id='word_1_185' title='bbox 1127 1677 1186 1719; x_wconf 90' lang='grc'>310</span> <span class='ocrx_word' id='word_1_186' title='bbox 1217 1676 1380 1730; x_wconf 89' lang='lat' dir='ltr'>quidem</span> <span class='ocrx_word' id='word_1_187' title='bbox 1412 1674 1625 1716; x_wconf 86' lang='lat' dir='ltr'>fallacium</span> 
     </span>
     <span class='ocr_line' id='line_1_24' title="bbox 130 1741 1629 1800; baseline -0.005 -11"><span class='ocrx_word' id='word_1_188' title='bbox 130 1748 446 1790; x_wconf 88' lang='lat' dir='ltr'>temerariorum</span> <span class='ocrx_word' id='word_1_189' title='bbox 477 1747 602 1789; x_wconf 90' lang='lat' dir='ltr'>uitari</span> <span class='ocrx_word' id='word_1_190' title='bbox 633 1747 834 1800; x_wconf 88' lang='lat' dir='ltr'>figmenta</span> <span class='ocrx_word' id='word_1_191' title='bbox 865 1748 1099 1799; x_wconf 87' lang='lat' dir='ltr'>potuerunt.</span> <span class='ocrx_word' id='word_1_192' title='bbox 1151 1744 1248 1786; x_wconf 87' lang='lat' dir='ltr'>hinc</span> <span class='ocrx_word' id='word_1_193' title='bbox 1284 1742 1474 1796; x_wconf 88' lang='lat' dir='ltr'>estquod</span> <span class='ocrx_word' id='word_1_194' title='bbox 1495 1741 1629 1795; x_wconf 90' lang='lat' dir='ltr'>plera-</span> 
     </span>
     <span class='ocr_line' id='line_1_25' title="bbox 132 1811 1625 1870; baseline -0.005 -13"><span class='ocrx_word' id='word_1_195' title='bbox 132 1829 210 1870; x_wconf 90' lang='lat' dir='ltr'>que</span> <span class='ocrx_word' id='word_1_196' title='bbox 232 1816 355 1859; x_wconf 87' lang='lat' dir='ltr'>Pauli</span> <span class='ocrx_word' id='word_1_197' title='bbox 374 1817 687 1869; x_wconf 86' lang='lat' dir='ltr'>multorumque</span> <span class='ocrx_word' id='word_1_198' title='bbox 709 1819 945 1857; x_wconf 88' lang='lat' dir='ltr'>sanctorum</span> <span class='ocrx_word' id='word_1_199' title='bbox 971 1814 1184 1855; x_wconf 88' lang='lat' dir='ltr'>uocabulis</span> <span class='ocrx_word' id='word_1_200' title='bbox 1206 1812 1448 1865; x_wconf 85' lang='lat' dir='ltr'>praenotata</span> <span class='ocrx_word' id='word_1_201' title='bbox 1468 1811 1625 1852; x_wconf 88' lang='lat' dir='ltr'>sanitas</span> 
     </span>
     <span class='ocr_line' id='line_1_26' title="bbox 85 1877 1626 1936; baseline -0.006 -9"><span class='ocrx_word' id='word_1_202' title='bbox 85 1903 119 1929; x_wconf 85' lang='lat'>25</span> <span class='ocrx_word' id='word_1_203' title='bbox 133 1884 359 1927; x_wconf 89' lang='lat' dir='ltr'>catholicae</span> <span class='ocrx_word' id='word_1_204' title='bbox 399 1885 565 1926; x_wconf 87' lang='lat' dir='ltr'>nostrae</span> <span class='ocrx_word' id='word_1_205' title='bbox 611 1895 691 1924; x_wconf 91' lang='lat' dir='ltr'>non</span> <span class='ocrx_word' id='word_1_206' title='bbox 738 1884 895 1936; x_wconf 87' lang='lat' dir='ltr'>recipit,</span> <span class='ocrx_word' id='word_1_207' title='bbox 943 1881 1038 1935; x_wconf 89' lang='lat' dir='ltr'>quia</span> <span class='ocrx_word' id='word_1_208' title='bbox 1082 1893 1162 1922; x_wconf 90' lang='lat' dir='ltr'>non</span> <span class='ocrx_word' id='word_1_209' title='bbox 1207 1879 1407 1922; x_wconf 90' lang='lat' dir='ltr'>lenocinio</span> <span class='ocrx_word' id='word_1_210' title='bbox 1453 1877 1626 1919; x_wconf 86' lang='lat' dir='ltr'>nominis</span> 
     </span>
     <span class='ocr_line' id='line_1_27' title="bbox 132 1947 1625 2006; baseline -0.006 -12"><span class='ocrx_word' id='word_1_211' title='bbox 132 1954 266 2006; x_wconf 90' lang='lat' dir='ltr'>operis</span> <span class='ocrx_word' id='word_1_212' title='bbox 305 1953 503 1994; x_wconf 90' lang='lat' dir='ltr'>meritum</span> <span class='ocrx_word' id='word_1_213' title='bbox 540 1953 698 2006; x_wconf 84' lang='lat' dir='ltr'>pensat,</span> <span class='ocrx_word' id='word_1_214' title='bbox 737 1952 808 1993; x_wconf 93' lang='lat' dir='ltr'>sed</span> <span class='ocrx_word' id='word_1_215' title='bbox 849 1952 1058 1992; x_wconf 90' lang='lat' dir='ltr'>auctorem</span> <span class='ocrx_word' id='word_1_216' title='bbox 1091 1948 1168 1990; x_wconf 91' lang='lat' dir='ltr'>sibi</span> <span class='ocrx_word' id='word_1_217' title='bbox 1202 1948 1291 1989; x_wconf 91' lang='lat' dir='ltr'>stili</span> <span class='ocrx_word' id='word_1_218' title='bbox 1321 1947 1498 1989; x_wconf 88' lang='lat' dir='ltr'>ueritate</span> <span class='ocrx_word' id='word_1_219' title='bbox 1530 1957 1625 1987; x_wconf 91' lang='lat' dir='ltr'>con-</span> 
     </span>
    </p>
   </div>
   <div class='ocr_carea' id='block_1_4' title="bbox 131 2137 1630 2636">
    <p class='ocr_par' dir='ltr' id='par_1_5' title="bbox 131 2137 1630 2636">
     <span class='ocr_line' id='line_1_28' title="bbox 201 2137 1628 2189; baseline -0.008 -9"><span class='ocrx_word' id='word_1_220' title='bbox 201 2145 220 2179; x_wconf 90' lang='lat'>1</span> <span class='ocrx_word' id='word_1_221' title='bbox 246 2155 313 2189; x_wconf 88' lang='lat' dir='ltr'>qua</span> <span class='ocrx_word' id='word_1_222' title='bbox 338 2142 654 2179; x_wconf 84' lang='lat' dir='ltr'><strong><em>AB¹DFHLRS</em></strong></span> <span class='ocrx_word' id='word_1_223' title='bbox 789 2142 810 2176; x_wconf 87' lang='lat'><strong>3</strong></span> <span class='ocrx_word' id='word_1_224' title='bbox 842 2142 1005 2185; x_wconf 84' lang='lat' dir='ltr'>asperata</span> <span class='ocrx_word' id='word_1_225' title='bbox 1036 2139 1069 2174; x_wconf 78' lang='lat' dir='ltr'><em>G</em></span> <span class='ocrx_word' id='word_1_226' title='bbox 1208 2139 1300 2172; x_wconf 79' lang='lat' dir='ltr'>inter</span> <span class='ocrx_word' id='word_1_227' title='bbox 1332 2137 1403 2173; x_wconf 79' lang='lat' dir='ltr'>GR</span> <span class='ocrx_word' id='word_1_228' title='bbox 1540 2137 1628 2169; x_wconf 84' lang='lat' dir='ltr'>tem-</span> 
     </span>
     <span class='ocr_line' id='line_1_29' title="bbox 132 2192 1538 2246; baseline -0.006 -10"><span class='ocrx_word' id='word_1_229' title='bbox 132 2203 232 2246; x_wconf 86' lang='lat' dir='ltr'>ptare</span> <span class='ocrx_word' id='word_1_230' title='bbox 264 2201 407 2238; x_wconf 82' lang='lat' dir='ltr'><strong><em>BLRS</em></strong></span> <span class='ocrx_word' id='word_1_231' title='bbox 542 2201 563 2236; x_wconf 86' lang='lat'>5</span> <span class='ocrx_word' id='word_1_232' title='bbox 592 2199 676 2234; x_wconf 88' lang='lat' dir='ltr'>hinc</span> <span class='ocrx_word' id='word_1_233' title='bbox 708 2199 798 2239; x_wconf 87' lang='lat' dir='ltr'>Mb,</span> <span class='ocrx_word' id='word_1_234' title='bbox 841 2198 900 2232; x_wconf 87' lang='lat' dir='ltr'>hic</span> <span class='ocrx_word' id='word_1_235' title='bbox 924 2197 1001 2232; x_wconf 81' lang='lat' dir='ltr'>rell.</span> <span class='ocrx_word' id='word_1_236' title='bbox 1028 2199 1062 2231; x_wconf 78' lang='lat' dir='ltr'>et</span> <span class='ocrx_word' id='word_1_237' title='bbox 1087 2196 1166 2231; x_wconf 83' lang='lat' dir='ltr'>Sch.</span> <span class='ocrx_word' id='word_1_238' title='bbox 1305 2195 1326 2229; x_wconf 87' lang='lat'>6</span> <span class='ocrx_word' id='word_1_239' title='bbox 1356 2193 1473 2228; x_wconf 88' lang='lat' dir='ltr'>sedule</span> <span class='ocrx_word' id='word_1_240' title='bbox 1504 2192 1538 2227; x_wconf 85' lang='lat' dir='ltr'><strong><em>L</em></strong></span> 
     </span>
     <span class='ocr_line' id='line_1_30' title="bbox 131 2249 1629 2301; baseline -0.008 -7"><span class='ocrx_word' id='word_1_241' title='bbox 131 2259 153 2294; x_wconf 90' lang='lat'>8</span> <span class='ocrx_word' id='word_1_242' title='bbox 189 2259 338 2294; x_wconf 87' lang='lat' dir='ltr'>iuuante</span> <span class='ocrx_word' id='word_1_243' title='bbox 373 2258 447 2293; x_wconf 88' lang='lat' dir='ltr'>Mb</span> <span class='ocrx_word' id='word_1_244' title='bbox 584 2257 605 2291; x_wconf 87' lang='grc'><strong>9</strong></span> <span class='ocrx_word' id='word_1_245' title='bbox 641 2256 852 2301; x_wconf 89' lang='lat' dir='ltr'>nequiquam</span> <span class='ocrx_word' id='word_1_246' title='bbox 883 2253 1151 2295; x_wconf 78' lang='lat' dir='ltr'><strong><em>AB¹0E¹GL‚</em></strong></span> <span class='ocrx_word' id='word_1_247' title='bbox 1191 2262 1252 2286; x_wconf 88' lang='lat' dir='ltr'>nec</span> <span class='ocrx_word' id='word_1_248' title='bbox 1284 2252 1450 2296; x_wconf 88' lang='lat' dir='ltr'>quiquam</span> <span class='ocrx_word' id='word_1_249' title='bbox 1484 2249 1527 2291; x_wconf 82' lang='lat' dir='ltr'>S,</span> <span class='ocrx_word' id='word_1_250' title='bbox 1570 2259 1629 2282; x_wconf 88' lang='lat' dir='ltr'>ne-</span> 
     </span>
     <span class='ocr_line' id='line_1_31' title="bbox 133 2305 1629 2360; baseline -0.008 -10"><span class='ocrx_word' id='word_1_251' title='bbox 133 2315 320 2360; x_wconf 83' lang='lat' dir='ltr'>quicquam</span> <span class='ocrx_word' id='word_1_252' title='bbox 351 2314 585 2351; x_wconf 73' lang='lat' dir='ltr'><em>DE²FG²H</em></span> <span class='ocrx_word' id='word_1_253' title='bbox 605 2316 637 2356; x_wconf 90' lang='lat' dir='ltr'>(c</span> <span class='ocrx_word' id='word_1_254' title='bbox 660 2314 701 2348; x_wconf 79' lang='lat' dir='ltr'>in</span> <span class='ocrx_word' id='word_1_255' title='bbox 724 2316 811 2354; x_wconf 79' lang='lat' dir='ltr'>ras.)</span> <span class='ocrx_word' id='word_1_256' title='bbox 842 2312 895 2354; x_wconf 83' lang='lat' dir='ltr'>R,</span> <span class='ocrx_word' id='word_1_257' title='bbox 936 2321 1087 2354; x_wconf 80' lang='lat' dir='ltr'>nequam</span> <span class='ocrx_word' id='word_1_258' title='bbox 1111 2309 1238 2344; x_wconf 80' lang='lat' dir='ltr'>B²Mb</span> <span class='ocrx_word' id='word_1_259' title='bbox 1375 2305 1502 2340; x_wconf 86' lang='lat' dir='ltr'>tertius</span> <span class='ocrx_word' id='word_1_260' title='bbox 1526 2305 1629 2339; x_wconf 78' lang='lat' dir='ltr'>Har-</span> 
     </span>
     <span class='ocr_line' id='line_1_32' title="bbox 131 2361 1630 2416; baseline -0.009 -8"><span class='ocrx_word' id='word_1_261' title='bbox 131 2374 253 2416; x_wconf 78' lang='lat' dir='ltr'>telius,</span> <span class='ocrx_word' id='word_1_262' title='bbox 294 2373 405 2407; x_wconf 84' lang='lat' dir='ltr'>tritus</span> <span class='ocrx_word' id='word_1_263' title='bbox 430 2372 514 2407; x_wconf 79' lang='lat' dir='ltr'>libri</span> <span class='ocrx_word' id='word_1_264' title='bbox 539 2375 573 2406; x_wconf 80' lang='lat' dir='ltr'>et</span> <span class='ocrx_word' id='word_1_265' title='bbox 597 2371 754 2405; x_wconf 80' lang='lat' dir='ltr'>editores</span> <span class='ocrx_word' id='word_1_266' title='bbox 894 2369 935 2403; x_wconf 91' lang='grc'>12</span> <span class='ocrx_word' id='word_1_267' title='bbox 960 2367 1082 2411; x_wconf 87' lang='lat' dir='ltr'>deque]</span> <span class='ocrx_word' id='word_1_268' title='bbox 1110 2366 1151 2400; x_wconf 88' lang='lat' dir='ltr'>de</span> <span class='ocrx_word' id='word_1_269' title='bbox 1174 2375 1243 2410; x_wconf 85' lang='lat' dir='ltr'>qua</span> <span class='ocrx_word' id='word_1_270' title='bbox 1268 2364 1303 2399; x_wconf 84' lang='lat' dir='ltr'><em>R</em></span> <span class='ocrx_word' id='word_1_271' title='bbox 1442 2362 1484 2396; x_wconf 87' lang='grc'>13</span> <span class='ocrx_word' id='word_1_272' title='bbox 1509 2361 1630 2405; x_wconf 84' lang='lat' dir='ltr'>dispu-</span> 
     </span>
     <span class='ocr_line' id='line_1_33' title="bbox 131 2417 1630 2465; baseline -0.009 0"><span class='ocrx_word' id='word_1_273' title='bbox 131 2433 228 2465; x_wconf 88' lang='lat' dir='ltr'>tatas</span> <span class='ocrx_word' id='word_1_274' title='bbox 259 2429 290 2465; x_wconf 79' lang='lat' dir='ltr'><strong><em>S</em></strong></span> <span class='ocrx_word' id='word_1_275' title='bbox 427 2429 470 2463; x_wconf 88' lang='lat'>14</span> <span class='ocrx_word' id='word_1_276' title='bbox 501 2439 564 2463; x_wconf 88' lang='lat' dir='ltr'>nec</span> <span class='ocrx_word' id='word_1_277' title='bbox 596 2427 669 2462; x_wconf 89' lang='lat' dir='ltr'>Mb</span> <span class='ocrx_word' id='word_1_278' title='bbox 817 2426 858 2460; x_wconf 83' lang='lat'>15</span> <span class='ocrx_word' id='word_1_279' title='bbox 889 2427 941 2459; x_wconf 86' lang='lat' dir='ltr'>ita</span> <span class='ocrx_word' id='word_1_280' title='bbox 974 2424 1048 2458; x_wconf 90' lang='lat' dir='ltr'>Mb</span> <span class='ocrx_word' id='word_1_281' title='bbox 1185 2421 1310 2455; x_wconf 83' lang='lat' dir='ltr'>scribis</span> <span class='ocrx_word' id='word_1_282' title='bbox 1343 2419 1415 2453; x_wconf 88' lang='lat' dir='ltr'>Mb</span> <span class='ocrx_word' id='word_1_283' title='bbox 1551 2417 1630 2452; x_wconf 88' lang='lat' dir='ltr'>fon-</span> 
     </span>
     <span class='ocr_line' id='line_1_34' title="bbox 132 2475 1629 2528; baseline -0.01 -6"><span class='ocrx_word' id='word_1_284' title='bbox 132 2488 228 2522; x_wconf 86' lang='lat' dir='ltr'>sitan</span> <span class='ocrx_word' id='word_1_285' title='bbox 252 2487 289 2522; x_wconf 83' lang='lat' dir='ltr'><strong><em>R</em></strong></span> <span class='ocrx_word' id='word_1_286' title='bbox 430 2487 471 2520; x_wconf 90' lang='grc'>16</span> <span class='ocrx_word' id='word_1_287' title='bbox 497 2485 763 2528; x_wconf 83' lang='lat' dir='ltr'>euuangelistas</span> <span class='ocrx_word' id='word_1_288' title='bbox 791 2483 820 2518; x_wconf 79' lang='lat' dir='ltr'><strong><em>S</em></strong></span> <span class='ocrx_word' id='word_1_289' title='bbox 956 2482 997 2515; x_wconf 79' lang='grc'>17</span> <span class='ocrx_word' id='word_1_290' title='bbox 1031 2480 1197 2524; x_wconf 86' lang='lat' dir='ltr'>plurimos</span> <span class='ocrx_word' id='word_1_291' title='bbox 1229 2476 1312 2512; x_wconf 76' lang='lat' dir='ltr'>GM</span> <span class='ocrx_word' id='word_1_292' title='bbox 1318 2476 1354 2517; x_wconf 91' lang='lat' dir='ltr'>b,</span> <span class='ocrx_word' id='word_1_293' title='bbox 1394 2475 1629 2519; x_wconf 86' lang='lat' dir='ltr'>plurimorum</span> 
     </span>
     <span class='ocr_line' id='line_1_35' title="bbox 131 2531 1628 2584; baseline -0.011 -4"><span class='ocrx_word' id='word_1_294' title='bbox 131 2545 209 2580; x_wconf 74' lang='lat' dir='ltr'>rell.</span> <span class='ocrx_word' id='word_1_295' title='bbox 235 2548 268 2579; x_wconf 82' lang='lat' dir='ltr'>et</span> <span class='ocrx_word' id='word_1_296' title='bbox 294 2544 373 2580; x_wconf 80' lang='lat' dir='ltr'>Sch.</span> <span class='ocrx_word' id='word_1_297' title='bbox 517 2544 558 2577; x_wconf 88' lang='grc'>18</span> <span class='ocrx_word' id='word_1_298' title='bbox 590 2543 627 2576; x_wconf 89' lang='grc'>111</span> <span class='ocrx_word' id='word_1_299' title='bbox 654 2545 739 2576; x_wconf 73' lang='lat' dir='ltr'>ante</span> <span class='ocrx_word' id='word_1_300' title='bbox 764 2540 916 2584; x_wconf 86' lang='lat' dir='ltr'>propriis</span> <span class='ocrx_word' id='word_1_301' title='bbox 942 2538 1025 2573; x_wconf 79' lang='lat' dir='ltr'>add.</span> <span class='ocrx_word' id='word_1_302' title='bbox 1058 2537 1127 2571; x_wconf 89' lang='lat' dir='ltr'>Mb</span> <span class='ocrx_word' id='word_1_303' title='bbox 1264 2534 1303 2567; x_wconf 86' lang='lat'>21</span> <span class='ocrx_word' id='word_1_304' title='bbox 1338 2531 1546 2576; x_wconf 85' lang='lat' dir='ltr'>eruditores]</span> <span class='ocrx_word' id='word_1_305' title='bbox 1572 2541 1628 2564; x_wconf 87' lang='lat' dir='ltr'>ex-</span> 
     </span>
     <span class='ocr_line' id='line_1_36' title="bbox 132 2587 1627 2636; baseline -0.01 -1"><span class='ocrx_word' id='word_1_306' title='bbox 132 2600 314 2635; x_wconf 78' lang='lat' dir='ltr'>cludentes</span> <span class='ocrx_word' id='word_1_307' title='bbox 340 2600 425 2635; x_wconf 83' lang='lat' dir='ltr'>add.</span> <span class='ocrx_word' id='word_1_308' title='bbox 455 2600 489 2635; x_wconf 76' lang='lat' dir='ltr'><em>G</em></span> <span class='ocrx_word' id='word_1_309' title='bbox 627 2597 738 2633; x_wconf 78' lang='grc' dir='ltr'>11011οἶ</span> <span class='ocrx_word' id='word_1_310' title='bbox 766 2596 891 2636; x_wconf 84' lang='lat' dir='ltr'><strong><em>ABL,</em></strong></span> <span class='ocrx_word' id='word_1_311' title='bbox 932 2596 1106 2629; x_wconf 82' lang='lat' dir='ltr'>nonerunt</span> <span class='ocrx_word' id='word_1_312' title='bbox 1137 2589 1361 2626; x_wconf 71' lang='lat' dir='ltr'><em>DEFHRS</em></span> <span class='ocrx_word' id='word_1_313' title='bbox 1492 2587 1535 2622; x_wconf 90' lang='grc'>22</span> <span class='ocrx_word' id='word_1_314' title='bbox 1567 2597 1627 2621; x_wconf 85' lang='grc'>1100</span> 
     </span>
    </p>
   </div>
   <div class='ocr_carea' id='block_1_5' title="bbox 131 2644 1629 2759">
    <p class='ocr_par' dir='ltr' id='par_1_6' title="bbox 131 2644 1629 2759">
     <span class='ocr_line' id='line_1_37' title="bbox 132 2644 1629 2693; baseline -0.011 0"><span class='ocrx_word' id='word_1_315' title='bbox 132 2658 258 2693; x_wconf 85' lang='lat' dir='ltr'>HLM</span> <span class='ocrx_word' id='word_1_316' title='bbox 263 2658 282 2692; x_wconf 90' lang='lat' dir='ltr'>b</span> <span class='ocrx_word' id='word_1_317' title='bbox 400 2657 541 2691; x_wconf 84' lang='lat' dir='ltr'>fallatia</span> <span class='ocrx_word' id='word_1_318' title='bbox 569 2655 603 2690; x_wconf 78' lang='lat' dir='ltr'><em>G</em></span> <span class='ocrx_word' id='word_1_319' title='bbox 731 2655 775 2688; x_wconf 88' lang='grc'>23</span> <span class='ocrx_word' id='word_1_320' title='bbox 799 2652 1025 2687; x_wconf 88' lang='lat' dir='ltr'>temerarium</span> <span class='ocrx_word' id='word_1_321' title='bbox 1055 2650 1083 2685; x_wconf 81' lang='lat' dir='ltr'><em>C</em></span> <span class='ocrx_word' id='word_1_322' title='bbox 1197 2647 1312 2680; x_wconf 84' lang='lat' dir='ltr'>uitare</span> <span class='ocrx_word' id='word_1_323' title='bbox 1337 2645 1391 2679; x_wconf 70' lang='grc' dir='ltr'>Ηι</span> <span class='ocrx_word' id='word_1_324' title='bbox 1506 2644 1549 2677; x_wconf 83' lang='grc'>25</span> <span class='ocrx_word' id='word_1_325' title='bbox 1574 2654 1629 2677; x_wconf 84' lang='lat' dir='ltr'>ca-</span> 
     </span>
     <span class='ocr_line' id='line_1_38' title="bbox 131 2702 1318 2759; baseline -0.013 -9"><span class='ocrx_word' id='word_1_326' title='bbox 131 2715 296 2759; x_wconf 87' lang='lat' dir='ltr'>tholicae]</span> <span class='ocrx_word' id='word_1_327' title='bbox 323 2714 485 2748; x_wconf 84' lang='lat' dir='ltr'>ecclesiae</span> <span class='ocrx_word' id='word_1_328' title='bbox 508 2712 568 2747; x_wconf 78' lang='lat' dir='ltr'>uel</span> <span class='ocrx_word' id='word_1_329' title='bbox 592 2711 674 2746; x_wconf 87' lang='lat' dir='ltr'>fidei</span> <span class='ocrx_word' id='word_1_330' title='bbox 700 2711 784 2745; x_wconf 78' lang='lat' dir='ltr'>add.</span> <span class='ocrx_word' id='word_1_331' title='bbox 810 2709 963 2744; x_wconf 81' lang='lat' dir='ltr'>editores</span> <span class='ocrx_word' id='word_1_332' title='bbox 1100 2704 1143 2738; x_wconf 73' lang='lat'>526</span> <span class='ocrx_word' id='word_1_333' title='bbox 1167 2702 1258 2737; x_wconf 87' lang='grc'>131111</span> <span class='ocrx_word' id='word_1_334' title='bbox 1283 2702 1318 2737; x_wconf 88' lang='lat' dir='ltr'><strong><em>R</em></strong></span> 
     </span>
    </p>
   </div>
  </div>
 </body>
</html>
