1884 2998
262 126 290 169 8
820 123 985 166 Fausti
1009 123 1218 160 Reiensis

261 252 371 294 lum
401 252 586 305 pedum
616 262 871 303 meorum,
903 251 1095 294 cordibus
1127 252 1281 294 nostris
1313 251 1557 295 efficientias
1588 252 1774 294 insinuat

259 332 400 362 rerum
430 321 506 362 sub
537 319 848 374 significatione
878 320 1174 373 membrorum,
1212 321 1321 363 unde
1351 333 1424 374 pro
1455 320 1656 363 ineffabili
1687 322 1773 363 &ius

261 389 370 430 circa
401 388 632 430 humanum
664 401 795 443 genus
826 388 1079 442 dignatione,
1111 401 1214 442 quae
1245 401 1386 431 seruos
1418 389 1574 431 amicos
1597 402 1644 431 ac
1665 389 1773 431 filios

259 456 473 499 nominare
518 457 560 498 et
607 457 839 510 conpellare
885 469 967 498 non
1013 457 1200 515 despicit,
1247 460 1295 500 ut
1335 458 1456 500 homo
1497 469 1593 499 cum
1631 457 1773 500 eodem

260 525 448 568 uicissim
479 525 662 568 humano
704 538 772 567 ore
803 526 845 566 et
875 537 989 567 more
1020 526 1295 579 conloquitur.
1802 541 1820 567 5

322 594 518 637 Ceterum
549 594 615 637 dei
646 595 707 636 ira
737 593 901 636 iustitia
932 596 1008 645 est,
1041 594 1106 636 dei
1136 595 1250 636 furor
1281 595 1516 637 seueritatis
1546 597 1664 648 uigor
1695 595 1770 646 est,

263 665 328 706 dei
360 664 520 705 iurasse
551 663 742 705 definisse
774 665 849 713 est,
883 663 948 705 dei
978 663 1232 716 paenituisse
1264 664 1471 705 sententia
1492 664 1631 706 tamen
1652 676 1771 717 saepe

260 733 437 782 mutata,
485 732 527 774 et
572 745 667 774 cum
714 744 757 773 se
802 734 1072 785 persequente
1117 731 1255 785 aliquo
1295 733 1405 774 laedi
1452 732 1566 783 dicit,
1614 733 1772 774 crimen

259 802 464 844 laedentis
516 800 712 844 ostendit.
766 800 1062 843 intercluditur
1111 800 1229 842 nobis
1276 801 1524 843 omnimodis
1570 801 1770 843 orationis

259 870 544 913 ministerium
590 869 805 923 omnisque
842 870 964 924 ratio,
1012 881 1091 923 qua
1136 871 1236 911 deus
1283 871 1351 912 uel
1397 869 1659 924 intellegitur
1703 869 1772 911 uel
1786 886 1819 911 ιο

258 939 538 994 praedicatur,
577 940 613 981 si
643 938 743 980 haec
763 937 935 980 humani
956 938 1156 980 sermonis
1180 939 1428 981 commercia
1450 938 1769 981 subtrahuntur.

259 1020 333 1050 cur
363 1019 458 1062 ergo
489 1006 570 1049 dici
600 1007 712 1049 inter
741 1006 825 1049 ista
856 1018 938 1048 non
958 1008 1109 1060 possit:
1141 1008 1230 1048 sed
1263 1008 1432 1049 sensit
1464 1007 1772 1061 conpatien-

258 1076 333 1118 tis
368 1075 620 1118 adfectu?

317 1143 361 1187 si
383 1156 477 1198 ergo
501 1144 741 1186 discutienti
763 1144 966 1197 magistro
989 1144 1168 1199 simplex
1190 1145 1231 1186 et
1252 1147 1398 1197 aperta
1419 1145 1626 1198 responsio
1648 1146 1770 1187 satis-

261 1213 373 1265 fecit,
404 1215 668 1255 transeamus
700 1214 753 1255 ad
782 1214 953 1255 tertiam
985 1214 1279 1267 quaestionem,
1312 1225 1394 1267 qua
1424 1214 1472 1254 ut
1501 1214 1770 1266 respondeam
1784 1230 1818 1255 15

257 1283 475 1336 praecipis,
519 1294 649 1336 quae
688 1283 742 1324 in
782 1283 938 1325 rebus
980 1282 1223 1324 humanis
1265 1294 1531 1336 corporea,
1574 1295 1770 1336 quaeue

258 1352 570 1404 incorporea
600 1350 878 1393 sentienda
908 1352 1029 1394 sint.
1072 1352 1123 1393 ad
1154 1352 1256 1394 haec
1288 1351 1429 1405 aliqua
1458 1364 1541 1393 non
1570 1364 1643 1404 pro
1675 1363 1771 1392 sen-

257 1432 327 1462 sus
357 1421 440 1461 mei
471 1420 806 1474 praesumptione
838 1420 1091 1474 depromam,
1125 1420 1195 1462 sed
1227 1432 1300 1474 pro
1322 1423 1557 1463 sanctorum
1579 1421 1769 1474 opinione

259 1487 481 1540 seniorum,
523 1489 769 1542 praesertim
813 1501 908 1547 cum
949 1490 1049 1531 haec
1090 1491 1276 1531 animum
1308 1490 1467 1531 laedere
1498 1501 1578 1531 non
1609 1489 1771 1542 possint

259 1557 300 1599 et
341 1557 393 1599 ad
432 1556 558 1599 fidem
599 1558 760 1600 nutrire
801 1559 963 1611 possint
994 1560 1034 1601 et
1066 1571 1195 1612 usque
1227 1558 1275 1600 ad
1310 1558 1366 1614 id,
1400 1570 1478 1612 quo
1512 1558 1623 1612 patri
1653 1557 1765 1599 filius
1782 1577 1817 1602 ρο

327 1705 350 1739 2
374 1704 450 1749 pro]
475 1714 500 1750 p
526 1705 561 1739 Z
690 1705 874 1740 efficiabili
899 1705 912 1740 l
1048 1705 1071 1739 3
1095 1706 1197 1750 quae]
1225 1715 1292 1750 que
1316 1705 1365 1745 Z,
1407 1715 1474 1742 om.
1506 1705 1677 1740 Cauisius

257 1762 281 1796 4
304 1762 341 1795 et
366 1772 433 1797 om.
460 1762 509 1805 Z,
550 1761 637 1798 add.
669 1762 845 1798 Gauisius
983 1763 1179 1807 conpellere
1211 1763 1246 1797 Z
1383 1762 1527 1807 dispicit
1557 1763 1593 1797 Z
1728 1764 1770 1796 ut

255 1819 456 1866 Canisius,
497 1821 535 1853 et
566 1819 599 1854 Z
734 1820 756 1854 5
789 1819 1025 1865 conloquutus
1051 1820 1225 1855 Cauisius
1365 1819 1385 1854 7
1416 1819 1614 1864 penituisse
1646 1819 1681 1853 Z

256 1887 333 1912 uox
348 1878 471 1911 tamen
488 1877 662 1912 Hartelio
677 1881 848 1922 suspecta
863 1877 1026 1920 uidetur,
1044 1877 1203 1921 fortasse
1219 1879 1362 1912 tantum
1378 1876 1610 1913 scribendum
1627 1881 1680 1912 est

256 1934 279 1969 8
310 1936 453 1969 mutata
480 1945 574 1970 corr.
600 1934 791 1978 Cauisius,
832 1937 932 1970 muta
963 1936 996 1969 Z
1133 1935 1205 1969 ledi
1235 1936 1269 1969 Z
1407 1935 1428 1969 9
1461 1935 1615 1970 ledentis
1646 1935 1681 1969 Z

258 2004 303 2038 10
333 1994 375 2039 ds
406 2004 456 2046 Z,
498 2004 627 2039 dicitur
657 2004 830 2040 canisius
969 2006 1012 2039 11
1045 2004 1246 2049 predicatur
1278 2005 1313 2039 Z
1449 2015 1622 2039 sermones
1647 2004 1683 2040 Z

258 2061 301 2096 15
326 2062 547 2106 questionem
571 2062 605 2096 Z
726 2072 750 2096 a
773 2062 897 2097 uerbis
921 2065 963 2096 ut
986 2061 1214 2106 respondeam
1240 2062 1425 2107 praecipis,
1450 2073 1544 2107 quae
1568 2065 1692 2097 tamen
1715 2063 1771 2096 iu-

255 2128 364 2153 uerso
388 2118 517 2154 ordine
540 2119 582 2153 iu
604 2119 652 2154 iis
676 2122 843 2154 exstant:
876 2120 1052 2164 praecipis
1078 2120 1120 2154 ut
1145 2119 1389 2164 respondeam,
1419 2119 1608 2163 incipiunt
1631 2119 1772 2154 codices

257 2175 436 2210 Mamerti
466 2176 522 2210 his
554 2177 614 2210 usi
644 2177 1016 2221 praescriptionibus.-
1054 2187 1174 2212 nvrvs
1206 2186 1340 2211 opums
1372 2186 1518 2211 Avcron
1548 2185 1770 2211 mxonnrvn

256 2242 350 2270 QVIA
384 2242 515 2267 TAcrro
547 2242 701 2268 nomm:
732 2243 818 2268 1s'rA
848 2244 1088 2269 consempsrr
1115 2243 1264 2269 CONTRA
1288 2243 1390 2270 QVAE
1415 2242 1651 2268 enavast
1677 2242 1771 2267 runs

256 2300 330 2325 nos
361 2300 494 2325 LIBROS
526 2300 723 2327 mssmwn*
757 2290 867 2326 ABG
893 2291 1015 2335 (huius
1040 2295 1165 2325 auctor
1190 2294 1244 2325 est
1267 2290 1424 2325 Faustus
1448 2289 1657 2334 Rhegiensis
1683 2289 1769 2325 add.

262 2346 320 2389 0²)
358 2346 523 2380 EFHM
557 2346 685 2389 (edidit
710 2357 783 2391 pro
811 2347 995 2391 disseruit)
1033 2347 1115 2389 RS,
1166 2357 1299 2382 1GNOT1
1335 2356 1516 2381 mummi
1553 2356 1770 2381 TRAo‘rA'rvs

255 2413 401 2438 monum
426 2413 575 2438 CONTRA
599 2414 706 2441 avim
731 2414 916 2440 msrv'rA'r
941 2414 1179 2440 anvnrAst
1204 2413 1415 2439 MAMERTVS
1438 2403 1478 2437 D
1575 2403 1707 2438 codicis
1731 2403 1770 2437 D

256 2461 404 2497 collatio
427 2462 537 2496 huius
563 2462 741 2505 epistulae
764 2462 853 2497 mihi
872 2467 1023 2506 praesto
1047 2473 1121 2497 ‘nou
1147 2466 1211 2506 est,
1236 2463 1278 2496 iu
1302 2461 1483 2497 codicibus
1510 2461 1581 2496 GL
1612 2462 1770 2505 epistula

257 2518 405 2553 omuino
435 2528 510 2553 uon
541 2522 660 2553 exstat
668 2532 681 2562 ,·
719 2529 933 2554 eonsensum
966 2519 1131 2554 codicum
1164 2518 1369 2555 Claudiani
1400 2518 1577 2553 Mamerti
1608 2519 1770 2553 omnium

257 2574 469 2619 compendio
495 2575 593 2618 (Ma)
617 2575 829 2621 siquificaui
969 2576 1011 2610 17
1044 2576 1089 2610 ad
1122 2575 1343 2621 haec—pro]
1376 2586 1439 2609 nec
1470 2574 1527 2608 hic
1559 2574 1680 2619 aliqua
1705 2585 1768 2619 pro

258 2632 427 2668 Schottus
565 2642 637 2666 non
669 2643 735 2667 om.
766 2632 854 2667 libri
878 2637 1031 2676 praeter
1062 2633 1146 2668 MZ
1281 2643 1400 2666 sensns
1433 2632 1468 2666 Z
1618 2632 1660 2666 18
1692 2642 1768 2676 pro-

257 2700 353 2724 mam
386 2688 420 2723 Z
440 2687 611 2723 Cauisius
750 2689 939 2734 oppinione
972 2690 1008 2723 Z
1153 2690 1196 2724 19
1227 2690 1380 2723 animam
1413 2688 1482 2722 Ma
1628 2689 1673 2722 20
1706 2699 1768 2722 nu-

257 2746 346 2781 trire
370 2746 415 2780 ad
439 2744 544 2779 fidem
569 2745 639 2780 Ma
778 2748 923 2790 possent
948 2746 983 2780 Z
1119 2746 1211 2790 quod
1236 2746 1348 2781 MRb
