1884 2998
619 107 677 142 De
702 109 828 142 statu
852 108 1025 143 animae
1058 109 1075 144 I
1099 110 1132 146 5.
1568 113 1621 156 39

127 232 447 285 benignissimus
500 231 781 275 substantiam
831 232 945 274 omni
996 243 1158 287 corpore
1209 236 1408 289 potiorem
1460 238 1620 291 sibique

126 301 306 343 similem
345 301 381 343 si
419 312 498 343 non
538 301 711 351 creauit,
751 312 874 354 quam
913 302 1040 344 creari
1082 302 1273 346 debuisse
1303 305 1387 346 iam
1418 307 1619 357 constitit,

124 370 197 411 aut
245 369 376 412 noluit
417 370 489 411 aut
535 371 645 411 certe
683 381 764 411 non
802 370 948 423 potuit.
1000 370 1036 412 si
1084 371 1218 413 uoluit
1266 375 1306 414 et
1353 385 1431 414 non
1470 375 1620 427 potuit,

124 438 422 491 omnipotentia
453 438 598 479 caruit.
653 437 689 479 31
720 437 855 491 potuit
886 441 928 480 et
958 438 1105 490 noluit,
1147 440 1253 492 quod
1284 441 1407 482 etiam
1439 442 1619 496 cogitatu

95 508 190 548 ⁵est
228 506 355 558 nefas,
395 506 564 549 inuidit.
613 518 695 548 non
735 509 875 549 autem
911 509 1047 560 potest
1085 507 1150 549 uel
1199 509 1499 562 omnipotentia
1541 522 1618 551 non

125 586 242 629 posse
273 576 341 617 uel
372 575 535 617 bonitas
566 575 766 617 inuidere,
817 587 952 617 creare
982 588 1078 630 ergo
1103 577 1383 629 incorporeum
1423 579 1465 619 et
1486 578 1622 630 potuit

124 644 166 685 et
196 643 341 695 uoluit,
373 644 504 697 igitur
535 644 578 685 et
603 644 770 686 creauit.
824 643 904 685 nisi
942 643 1048 686 forte
1070 644 1181 686 dicas
1202 644 1291 686 fieri
1313 656 1389 687 non
1412 645 1620 695 debuisse,

125 712 234 765 quod
264 712 339 753 ille
369 712 507 766 potuit
536 710 658 762 uelle,
690 711 761 765 qui
792 723 873 753 non
912 712 1048 765 potuit
1078 712 1201 762 uelle,
1232 712 1311 754 nisi
1344 715 1449 766 quod
1480 713 1622 756 debuit

122 779 268 823 facere.
327 780 425 834 quid
470 780 578 822 mihi
618 792 726 823 nunc
766 784 952 823 creatum
992 793 1070 823 non
1111 793 1198 823 esse
1239 782 1472 836 contendas,
1514 783 1620 836 quod

78 850 254 891 mereari
293 849 484 891 debuisse
522 861 603 890 non
634 848 829 891 dubitas?
864 849 993 891 creari
1023 850 1133 892 certe
1164 850 1368 901 debuisse,
1400 850 1497 904 quia
1528 861 1622 892 cum

125 921 284 959 creator
322 919 585 972 incorporeus
623 917 850 959 maximum
889 917 1047 959 bonum
1084 918 1152 970 sit,
1191 919 1233 960 et
1274 921 1457 962 creatum
1488 918 1623 960 incor-

124 998 292 1040 poreum
331 999 531 1042 magnum
573 987 727 1028 bonum
765 988 835 1037 sit,
875 987 917 1028 et
955 988 1142 1028 creatum
1180 999 1339 1041 corpus,
1386 987 1493 1040 quod
1542 987 1623 1028 nisi

123 1057 312 1096 creatum
349 1066 430 1097 non
468 1055 543 1106 est,
585 1055 749 1108 aliquod
787 1054 939 1096 bonum
977 1054 1045 1107 sit,
1087 1067 1111 1096 a
1154 1067 1314 1097 summo
1351 1056 1424 1098 deo
1455 1055 1525 1109 qui
1557 1056 1621 1097 est

126 1123 353 1166 maximum
385 1123 553 1175 bonum,
585 1125 692 1166 sicut
722 1126 903 1165 creatum
926 1123 987 1165 est
1008 1135 1150 1177 corpus
1172 1124 1337 1177 aliquod
1366 1125 1531 1177 bonum,
1562 1123 1624 1164 ita

78 1207 111 1233 15
123 1192 254 1234 creari
276 1192 420 1234 debuit
439 1193 723 1246 incorporeum
744 1204 941 1247 magnum
963 1191 1129 1243 bonum,
1162 1192 1257 1245 quia
1286 1205 1365 1235 non
1386 1191 1623 1234 conueniret

123 1261 395 1315 omnipotenti
434 1261 555 1316 bono,
587 1263 655 1314 qui
686 1260 818 1302 fecit
853 1260 1020 1301 omnia
1063 1261 1191 1302 bona
1221 1261 1392 1310 ualde,
1424 1259 1619 1314 perfecti-

122 1340 241 1371 onem
271 1329 542 1383 plenitudinis
571 1341 709 1371 rerum
738 1328 806 1370 uel
842 1329 883 1370 in
922 1327 1103 1370 minimis
1142 1331 1332 1371 truncam
1363 1329 1508 1378 facere,
1540 1339 1621 1370 non

122 1397 257 1440 dicam
305 1398 523 1450 potissima
572 1409 652 1439 non
707 1409 857 1439 creare.
917 1398 986 1438 sed
1033 1396 1220 1439 fortassis
1265 1397 1501 1438 adstruetur
1548 1398 1621 1438 3111

121 1466 406 1519 incorpoream
437 1467 668 1508 creaturam
698 1465 855 1507 bonum
883 1477 963 1507 non
985 1477 1073 1507 esse
1111 1470 1183 1507 aut
1205 1465 1358 1508 bonum
1380 1466 1507 1508 creari
1538 1477 1618 1506 non

76 1552 110 1578 20
122 1534 351 1588 oportuisse
383 1535 455 1576 aut
486 1536 593 1588 quod
623 1534 853 1588 oportuerit
881 1533 969 1576 fieri
1012 1534 1257 1586 nequiuisse.
1308 1534 1379 1576 sed
1409 1546 1619 1576 summum

123 1603 278 1646 bonum
309 1605 573 1658 incorporeus
605 1606 776 1656 creator,
816 1615 1013 1659 magnum
1055 1604 1206 1645 bonum
1237 1602 1475 1655 incorporea
1505 1613 1620 1644 crea-

262 1751 304 1785 16
330 1750 419 1785 Gen.
447 1752 477 1792 l,
503 1751 544 1786 31

194 1889 209 1921 1
231 1888 524 1933 benignissimus]
544 1888 574 1922 si
593 1888 676 1922 add.
695 1888 777 1922 libri
788 1890 939 1932 praeter
956 1887 1027 1922 Mb
1158 1863 1337 1930 1101ξίοἇοω
1356 1887 1400 1926 A,
1427 1884 1619 1928 portionem

123 1956 170 1998 Β,
201 1947 393 2010 1101110το111
414 1957 458 2000 G,
491 1958 668 2001 potionem
687 1957 723 1992 R
845 1957 866 1990 2
892 1957 921 1989 si
939 1967 1006 1990 om.
1024 1956 1107 1990 libri
1117 1957 1269 1999 praeter
1285 1954 1358 1988 Mb
1472 1952 1620 1995 creauit]

124 2027 280 2059 creatum
315 2025 349 2061 G
488 2028 626 2059 constat
658 2026 718 2059 M²
749 2026 791 2059 in
814 2035 925 2070 marg.
951 2025 970 2059 b
1107 2024 1129 2058 3
1159 2026 1221 2057 aut
1245 2033 1337 2058 corr.
1362 2023 1401 2056 in
1425 2024 1461 2055 et
1491 2021 1537 2055 H

122 2087 145 2121 4
169 2088 463 2131 omnipotentiam
489 2088 537 2122 R·
670 2089 866 2132 cogitatum
893 2087 966 2122 Mb
1105 2087 1126 2121 5
1150 2086 1286 2130 autem]
1311 2084 1375 2118 ade
1400 2083 1499 2125 A¹B‚
1539 2082 1622 2116 adeo

123 2144 171 2185 E,
212 2144 313 2179 adest
336 2145 381 2188 F,
422 2148 497 2180 aest
522 2146 558 2181 R
688 2146 709 2180 9
734 2145 819 2189 esse]
846 2144 953 2179 fuisse
980 2144 1013 2179 G
1145 2143 1188 2177 10
1213 2153 1326 2178 creare
1350 2139 1611 2177 ABGDEFH
1615 2141 1622 2157 ¹

123 2201 203 2237 ΗΒ*
349 2214 464 2237 creare
499 2202 692 2238 ABDEF
833 2202 940 2246 certe]
979 2203 1118 2236 constat
1154 2200 1239 2235 add.
1277 2200 1356 2234 Sch.
1508 2198 1546 2231 11
1586 2198 1622 2230 et

122 2260 392 2295 creatum-sit
424 2272 490 2295 om.
526 2259 679 2295 ABDF
824 2259 866 2294 18
898 2260 1088 2293 maximum
1120 2258 1176 2292 Ηι
1316 2257 1537 2300 quod—non
1570 2258 1623 2287 est

122 2348 190 2373 om.
220 2339 311 2374 M¹b
452 2340 494 2375 13
525 2345 564 2374 ee
595 2340 631 2374 B
770 2339 907 2383 aliquid
942 2339 972 2373 S
1107 2337 1149 2372 14
1181 2336 1210 2370 si
1242 2336 1278 2371 R
1415 2315 1549 2377 anquffi
1583 2332 1620 2373 s,

122 2400 260 2444 aliquid
298 2401 377 2437 Sch.
543 2404 585 2438 15
622 2401 877 2446 incorporeum]
915 2400 1058 2444 aliquod
1095 2399 1180 2434 add.
1218 2398 1296 2433 Sch.
1451 2397 1493 2430 16
1530 2394 1620 2439 quod

121 2458 265 2492 mauult
288 2458 487 2502 Barthius‚
522 2458 585 2494 sed
609 2459 653 2501 cf.
675 2468 760 2503 pay.
781 2460 841 2499 40,
859 2460 881 2492 2
1008 2456 1221 2501 perfectione
1245 2454 1281 2488 B
1411 2453 1451 2486 17
1477 2454 1513 2486 in
1540 2451 1621 2491 Mb,

121 2529 188 2555 om.
226 2521 303 2555 rell.
488 2521 661 2566 minimis]
698 2531 815 2577 rerum
851 2520 934 2555 add.
974 2519 1003 2554 S
1184 2518 1226 2551 18
1262 2515 1480 2560 potissimam
1517 2512 1624 2548 HRS

122 2598 221 2642 sch„
268 2600 495 2643 potissimum
528 2600 600 2634 Mb
747 2599 941 2634 asstruitur
976 2597 1020 2639 G,
1068 2578 1273 2630 adst1·u‹⁵÷tur
1304 2595 1365 2637 M,
1413 2594 1620 2628 adstruatur

121 2661 143 2696 b
258 2662 302 2696 19
326 2662 453 2697 bonam
479 2663 500 2698 b
518 2662 698 2697 Barthius
815 2662 859 2696 20
883 2661 1041 2706 potuisse
1060 2658 1197 2693 HMSb
1313 2657 1471 2702 oportuit
1494 2656 1530 2691 R

121 2717 166 2752 21
191 2719 338 2764 creator]
365 2721 418 2753 est
442 2719 527 2754 add.
555 2719 711 2754 editores
