1884 2998
250 109 333 152 164
758 107 1001 144 Claudiani
1028 107 1238 143 Mamerti

244 246 348 277 suae
379 234 626 277 conueniens
656 235 788 289 gessit
827 234 1025 276 officium.
1077 246 1174 289 ergo
1203 235 1313 277 sicut
1342 234 1531 278 localiter
1562 235 1681 278 stetit
1713 236 1756 278 et

246 302 435 345 localiter
465 302 618 354 sonuit,
649 302 712 345 ita
743 304 785 345 et
815 303 1008 345 localiter
1037 302 1159 346 uidit.

303 383 384 425 Hic
420 394 527 425 nunc
565 394 639 436 pro
676 382 757 425 fine
795 382 1047 437 quaestionis
1087 382 1266 437 inquiro,
1304 383 1549 425 utrumnam
1582 384 1752 428 Gabriel

246 450 435 505 angelus,
455 453 504 493 ut
524 451 573 493 tu
592 452 800 503 autumas,
830 450 967 493 solum
990 462 1137 505 corpus
1157 452 1202 494 in
1223 451 1574 506 contemplatione
1593 450 1751 494 Mariae

246 519 511 576 corporaliter
551 522 772 574 occupatus
811 531 893 562 uno
935 521 1158 574 eodemque
1197 520 1306 571 uisu,
1342 531 1423 562 uno
1455 520 1578 574 atque
1609 520 1750 562 eodem
1782 523 1799 550 ⁵

243 590 430 642 tempore
450 588 669 631 inlocalem
691 589 813 630 deum
834 587 1070 630 inlocaliter
1086 588 1252 638 uiderit,
1277 601 1355 642 quo
1377 588 1552 631 localem
1573 587 1751 630 Mariam

243 656 433 699 localiter
470 656 592 699 uidit.
644 658 750 711 quod
788 656 886 710 quia
921 655 1010 699 fieri
1051 668 1123 710 pro
1155 656 1337 711 corporei
1368 659 1492 711 atque
1522 655 1751 709 incorporei

243 724 485 767 diuersitate
516 737 599 768 non
629 724 794 776 sinitur,
816 725 950 767 restat
970 726 1018 767 ut
1040 725 1114 767 aut
1132 724 1309 767 Mariam
1332 724 1501 768 Gabriel
1522 737 1752 778 numquam

243 793 397 836 uiderit
434 794 507 837 aut
543 794 664 836 deum
702 794 844 836 uidere
893 795 1130 837 cessauerit.
1182 794 1254 837 sed
1283 793 1380 836 huic
1411 794 1516 836 falso
1546 794 1753 836 sententia

243 862 434 905 ueritatis
464 862 643 918 obsistit,
666 874 745 917 qua
766 862 926 904 dictum
948 864 1027 905 est:
1060 863 1179 916 quia
1209 863 1390 918 angeli
1421 875 1596 905 eorum
1627 873 1801 904 sem-10

242 943 328 985 per
356 930 548 973 uident
584 930 774 973 faciem
809 931 983 985 patris
1020 931 1131 973 mei.
1182 932 1218 973 si
1248 944 1409 986 semper
1438 931 1597 981 uident,
1628 942 1752 972 num-

243 1010 370 1053 quam
406 1010 488 1041 non
528 999 685 1042 uident.
734 999 799 1041 sin
835 1000 976 1041 autem
1014 1001 1175 1053 quando
1211 999 1383 1044 Gabriel
1412 999 1587 1041 Mariam
1632 998 1744 1040 uidit

243 1067 365 1110 deum
405 1066 547 1109 uidere
587 1067 764 1119 destitit,
805 1079 886 1109 non
928 1079 1023 1121 ergo
1063 1079 1227 1120 semper
1267 1068 1404 1122 angeli
1437 1067 1560 1109 deum
1590 1065 1750 1108 uident.

241 1135 373 1190 igitur
403 1136 477 1179 aut
507 1139 668 1191 quando
701 1136 874 1181 Gabriel
908 1136 1087 1180 Mariam
1118 1137 1227 1179 uidit
1266 1137 1388 1179 deum
1408 1136 1550 1179 uidere
1572 1135 1750 1189 destitit,

241 1208 315 1248 aut
346 1218 492 1248 uerum
523 1218 602 1248 non
634 1205 713 1247 erit
743 1205 853 1260 quod
883 1204 1040 1247 ueritas
1072 1205 1189 1248 dixit.
1241 1207 1492 1260 quapropter
1521 1204 1799 1247 indissolu-15

241 1273 330 1326 bili,
367 1276 415 1317 ut
452 1276 582 1329 patet,
621 1273 781 1316 ratione
822 1273 1097 1327 concluditur,
1138 1275 1245 1327 quod
1276 1274 1372 1327 quia
1402 1272 1525 1316 locali
1556 1272 1651 1316 uisu
1682 1285 1750 1314 6ο-

242 1343 418 1398 demque
447 1343 491 1386 in
521 1342 678 1385 Mariae
710 1341 1060 1396 contemplatione
1093 1342 1221 1385 defixo
1254 1343 1425 1397 angelus
1454 1341 1578 1385 deum
1610 1342 1749 1384 uidere

242 1423 325 1454 non
365 1411 505 1465 potuit
535 1413 577 1453 et
616 1413 757 1454 tamen
802 1413 905 1454 tunc
936 1423 1096 1465 quoque
1135 1412 1322 1456 Gabrieli
1353 1412 1478 1454 deum
1507 1413 1647 1454 uisum
1678 1424 1748 1453 ne-

242 1492 339 1535 gare
384 1492 466 1523 non
511 1480 625 1532 licet,
670 1492 722 1522 ne
767 1480 883 1522 iuxta
921 1479 1078 1523 diaboli
1124 1491 1267 1522 casum
1304 1479 1348 1522 in
1385 1479 1552 1522 miseria
1588 1479 1748 1522 scilicet

241 1562 440 1604 umquam
470 1561 552 1591 non
582 1548 752 1591 uidendi
778 1548 902 1592 deum
922 1548 1186 1591 inmutabilis
1207 1548 1294 1590 iam
1315 1548 1588 1591 beatitudinis
1611 1548 1747 1603 angeli
1762 1562 1797 1587 20

241 1620 392 1660 natura
423 1618 634 1668 deciderit,
666 1619 721 1660 sit
750 1617 796 1659 in
828 1629 875 1660 eo
907 1630 1099 1673 corporea
1129 1617 1452 1672 incorporeaque
1483 1617 1747 1660 substantia:

241 1699 326 1729 una
366 1699 448 1743 qua
489 1686 556 1729 uel
596 1686 792 1729 uideatur
832 1686 989 1740 corpori
1030 1686 1100 1728 uel
1132 1686 1398 1741 corporaliter
1428 1686 1582 1741 uideat,
1617 1686 1750 1728 altera

239 1768 322 1809 qua
351 1755 666 1810 incorporaliter
695 1756 983 1810 incorporeum
1013 1755 1100 1798 sine
1130 1755 1211 1798 fine
1242 1755 1483 1810 conspiciat.

381 1902 424 1937 10
447 1901 580 1937 Matth.
607 1902 661 1945 18,
687 1902 731 1938 10

310 2038 333 2073 4
355 2039 397 2073 tu
422 2048 490 2073 om.
516 2038 716 2081 ABDEF,
749 2040 830 2073 tute
858 2039 892 2074 G-
1031 2039 1073 2073 ut
1096 2016 1215 2073 tfflas
1241 2038 1272 2073 s
1405 2039 1426 2073 6
1458 2039 1552 2083 quod
1582 2039 1656 2075 AR

241 2097 264 2131 8
287 2097 351 2131 aut
375 2106 441 2131 om.
468 2095 546 2131 Seh.
687 2096 801 2131 maria
836 2097 874 2133 R
1011 2097 1033 2131 9
1070 2096 1172 2130 deum
1210 2106 1275 2132 om.
1308 2106 1337 2140 p
1476 2096 1590 2131 uideri
1631 2096 1661 2131 Ο

242 2152 286 2188 10
310 2153 394 2197 quia
416 2152 580 2188 AOH¹S
692 2154 732 2188 11
760 2153 843 2198 mei]
870 2154 931 2198 qui
955 2153 993 2188 in
1019 2153 1124 2188 caelis
1150 2155 1205 2187 est
1228 2153 1314 2188 add.
1333 2153 1413 2189 Sch.
1534 2154 1576 2188 12
1600 2153 1676 2188 sint
1699 2154 1747 2197 A,

241 2211 272 2244 si
308 2210 382 2244 Mb
523 2210 566 2245 13
603 2210 748 2246 desistit
784 2211 906 2253 BDF,
948 2221 1018 2245 non
1056 2211 1199 2246 destitit
1227 2213 1271 2255 ρ’
1408 2211 1540 2256 angeli]
1578 2211 1746 2255 gabrihel

240 2267 277 2302 R
432 2266 527 2301 uidit
561 2267 598 2303 R
761 2269 803 2303 14
839 2267 973 2315 uidere]
1011 2279 1082 2303 non
1117 2267 1201 2303 add.
1243 2269 1277 2304 G
1438 2268 1583 2303 desistit
1619 2269 1654 2303 B

241 2324 284 2358 17
310 2323 644 2368 contemplationem
670 2324 745 2359 Mb
878 2326 921 2360 18
944 2326 1031 2360 tunc
1055 2336 1121 2361 om,
1141 2336 1170 2369 p
1298 2325 1458 2371 gabrielo
1482 2326 1751 2362 ABCG-HLM

240 2380 335 2416 RSb
451 2382 576 2426 negari
601 2381 673 2415 Mb
799 2382 842 2417 19
866 2393 929 2417 nec
953 2383 1027 2417 Mb
1151 2394 1292 2418 causam
1316 2384 1353 2419 R
1371 2383 1449 2418 Seh.
1565 2385 1746 2419 misterias

240 2437 325 2471 licet
356 2437 409 2480 A,
450 2437 612 2472 miserias
643 2437 727 2473 licet
757 2438 955 2480 BHLRS,
995 2440 1139 2487 miseria
1171 2440 1307 2475 scilicet
1337 2440 1454 2475 DEF
1593 2441 1638 2475 20
1674 2452 1744 2476 non

242 2526 309 2552 om.
335 2516 383 2550 M
392 2516 411 2550 b
534 2517 577 2551 21
603 2495 766 2552 deciderit
791 2518 822 2553 S
945 2519 990 2553 22
1015 2531 1084 2564 qua
1100 2521 1157 2555 1161
1173 2521 1349 2566 uideatur]
1375 2522 1458 2566 quia
1474 2522 1595 2557 uideat
1618 2523 1655 2559 R

240 2572 407 2608 uideatur
426 2575 470 2618 10²
609 2574 654 2610 23
678 2585 768 2619 quae
794 2575 879 2610 libri
897 2581 1048 2621 praeter
1071 2578 1233 2613 DEFM
