1884 2998
626 131 685 166 De
709 132 835 166 statu
859 133 1032 166 animae
1064 131 1102 166 II
1127 132 1160 165 5.
1565 132 1642 174 117

143 261 247 309 tum,
279 258 326 299 ut
356 257 480 299 uerbo
511 257 633 298 tenus
663 256 890 297 humanum
930 267 1034 308 quae
1066 256 1164 297 sunt
1195 256 1292 298 bina
1322 257 1383 299 sic
1414 257 1563 299 habeat
1598 269 1644 298 ex

142 327 315 369 aduerso
365 325 511 379 posita,
560 327 608 366 ut
640 323 721 366 sibi
752 336 827 365 nec
857 323 1143 377 magnitudine
1180 336 1254 365 nec
1286 325 1421 377 specie
1453 338 1526 367 nec
1555 324 1644 367 loco

142 395 401 444 dissentiant,
434 397 479 435 ut
511 394 608 435 sunt
639 404 758 434 aures
789 394 830 433 et
861 391 981 445 oculi,
1004 404 1107 445 quae
1130 392 1231 433 item
1254 394 1429 446 singula,
1454 394 1499 435 ut
1519 405 1644 434 nasus

143 467 184 505 et
216 476 271 517 os,
304 463 488 505 medium
518 463 656 504 locum
693 463 860 502 teneant
892 463 1029 515 atque,
1073 463 1119 502 ut
1151 473 1239 502 esse
1270 461 1442 514 pulchra
1471 462 1644 516 possint,

115 532 446 575 5concinentiam
478 543 664 573 summae
706 529 970 582 aequalitatis
1000 529 1232 572 imitentur,
1284 532 1486 583 quatenus
1517 530 1647 585 igitur

144 602 308 642 numeri
339 600 562 642 ueritatem
592 599 634 639 in
666 597 804 639 anima
834 598 1088 651 reperiamus
1111 597 1304 648 humana,
1326 599 1506 650 primum
1528 598 1647 640 debet

144 670 234 723 ipsa
264 668 432 710 sibimet
465 665 666 709 actitandi
699 666 899 707 rationem
931 678 1002 718 pro
1032 665 1238 707 uirtutum
1269 665 1481 719 parilitate
1513 667 1648 708 conci-

144 750 255 790 nere,
287 739 334 778 ut
365 734 588 789 sapientiae
620 734 797 784 iustitia,
830 734 1129 786 temperantiae
1169 733 1369 776 fortitudo
1390 734 1647 788 respondeat,

145 818 249 859 quae
293 803 483 859 parilitas
523 804 666 857 utique
707 814 925 844 numerosa
967 807 1038 852 est,
1082 802 1177 855 quia
1218 804 1335 844 tanto
1372 804 1435 844 est
1467 802 1649 844 numeris

98 893 129 918 ιο
145 874 335 924 uicinius,
369 874 522 926 quanto
554 874 617 913 est
648 872 826 925 quidque
859 871 1152 913 concinentius.
1200 873 1271 913 sed
1302 871 1408 913 illud
1438 871 1481 913 in
1511 871 1649 913 anima

143 956 407 986 numerosum
452 941 589 995 potius
629 941 820 996 arbitror,
862 953 941 994 quo
984 943 1124 984 eadem
1166 941 1443 984 scientialiter
1483 952 1648 994 compos

143 1013 206 1053 est
237 1012 408 1061 numeri,
455 1011 503 1053 ut
547 1023 629 1052 non
659 1010 848 1064 partibus
889 1009 1014 1052 sicuti
1045 1022 1190 1064 corpus
1221 1023 1439 1053 numerosa
1471 1012 1538 1062 sit,
1575 1010 1647 1051 sed

143 1075 282 1133 ipsum
312 1081 497 1122 dinoscat
528 1082 569 1120 et
600 1079 827 1121 secundum
872 1079 1048 1121 eundem
1078 1078 1236 1121 iudicet
1266 1092 1497 1122 numerum.
1549 1090 1646 1120 nam

144 1149 226 1191 tria
271 1150 312 1190 et
352 1149 548 1201 quattuor
594 1148 754 1200 septem
800 1147 886 1189 fore
927 1147 968 1189 et
1010 1147 1109 1189 haec
1154 1147 1195 1189 et
1235 1148 1316 1189 tria
1348 1149 1498 1197 decem,
1531 1146 1648 1188 nulla

100 1235 132 1261 15
144 1220 307 1271 praeter
338 1217 563 1259 humanam
606 1216 788 1259 animam
827 1217 893 1258 uel
924 1217 1060 1270 potest
1091 1216 1194 1258 scire
1224 1217 1292 1258 uel
1323 1216 1489 1271 poterit.
1541 1215 1650 1256 sicut

143 1286 272 1340 igitur
304 1287 353 1327 (le
389 1298 583 1327 mensura
628 1285 791 1336 claruit,
839 1285 902 1327 ita
943 1288 984 1326 et
1015 1285 1065 1326 de
1105 1285 1289 1326 numeris
1334 1287 1433 1327 satis
1478 1286 1648 1337 adparet

145 1367 231 1396 esse
263 1354 336 1395 hos
366 1354 410 1396 in
441 1365 606 1407 corpore
638 1353 874 1403 uisibiliter,
906 1354 950 1394 in
982 1354 1122 1395 anima
1152 1352 1509 1395 intellectualiter.

201 1434 346 1475 Restat
386 1446 494 1475 nunc
533 1436 579 1475 ut
610 1434 660 1475 de
692 1434 870 1487 pondere
911 1435 1182 1487 disputemus.
1235 1445 1451 1486 corporum
1486 1432 1646 1486 pondus

144 1503 247 1545 illud
279 1515 366 1545 esse
396 1503 548 1557 patuit,
582 1515 660 1556 quo
685 1503 829 1544 eadem
861 1503 902 1544 in
934 1504 1122 1557 regiones
1153 1515 1261 1553 suas,
1288 1503 1396 1544 unde
1428 1501 1647 1555 primordi-

98 1590 130 1615 20
144 1572 265 1614 aliter
311 1573 526 1622 exsistunt,
574 1572 821 1614 naturaliter
874 1571 1063 1613 feruntur
1107 1585 1182 1613 nec
1229 1571 1456 1626 quiescunt,
1513 1569 1647 1623 quoad

143 1653 272 1694 usque
313 1640 556 1683 transmisso
599 1641 792 1682 elementi
833 1638 1004 1683 alterius
1041 1641 1176 1694 spatio
1209 1641 1251 1682 in
1284 1653 1357 1682 sua
1387 1639 1649 1692 perueniant.

144 1709 307 1751 animae
349 1722 445 1751 uero
487 1710 648 1763 pondus
690 1711 886 1751 uoluntas
927 1711 991 1752 est
1032 1710 1132 1763 eius,
1176 1721 1278 1763 quae
1319 1708 1481 1763 proprie
1514 1708 1649 1762 magis

145 1790 260 1820 amor
302 1778 466 1829 dicitur,
509 1791 587 1833 quo
634 1779 792 1821 scilicet
835 1780 902 1821 uel
943 1792 985 1821 se
1027 1781 1159 1834 ipsam
1202 1779 1270 1821 uel
1315 1778 1398 1821 alia
1438 1775 1649 1830 quaelibet

214 1948 231 1982 1
258 1947 464 1991 humanum]
492 1948 688 1991 exemplum
713 1947 798 1982 add.
826 1949 861 1982 A
989 1948 1009 1982 2
1035 1949 1144 1992 spetie
1168 1948 1217 1990 D,
1258 1949 1374 1993 spatio
1401 1947 1556 1982 editores

144 2004 166 2038 3
197 2004 250 2049 ut]
277 2006 312 2038 et
345 2004 381 2039 R
519 2006 540 2039 5
572 2004 831 2039 continentiam
860 2005 985 2039 ABE¹
1125 2006 1146 2039 6
1170 2006 1411 2050 repperiamus
1434 2003 1556 2046 DFS,
1595 2013 1647 2036 re-

144 2062 318 2106 periemus
343 2061 500 2103 BGMb,
537 2063 751 2106 reperiemur
774 2062 879 2105 AH¹‚
917 2063 1153 2107 repperiemur
1178 2063 1225 2104 R,
1261 2062 1453 2107 reperimus
1480 2061 1558 2096 Sch.
1586 2062 1649 2102 (arn

144 2120 262 2155 uoluit
287 2119 504 2163 repperimus
519 2118 553 2162 ,9)
690 2119 708 2153 7
735 2119 893 2164 sibimet]
921 2121 1026 2155 simet
1057 2120 1102 2162 G,
1143 2122 1178 2155 et
1203 2120 1289 2155 add.
1315 2121 1334 2155 b
1469 2118 1649 2153 concinere

145 2188 191 2212 ex
216 2176 392 2211 continere
416 2177 457 2211 E
587 2177 609 2211 8
633 2177 873 2221 temperantia
897 2177 934 2213 R
1073 2178 1117 2212 10
1142 2178 1291 2222 quicque
1317 2189 1363 2212 ea:
1386 2177 1575 2221 quicquam
1600 2175 1647 2217 D,

145 2234 315 2279 quicquid
344 2244 390 2278 p,
432 2234 622 2278 quicquam
656 2234 736 2268 Sch.
878 2234 919 2268 11
953 2235 1046 2279 quod
1081 2235 1115 2270 G
1255 2235 1298 2270 13
1323 2234 1510 2279 dignoscat
1534 2231 1650 2267 BDE

144 2291 266 2326 ΕΘΗ
383 2290 426 2325 14
450 2291 485 2324 et
510 2290 596 2325 haec
621 2292 694 2325 tria
719 2292 755 2325 et
779 2290 897 2326 decem
922 2292 1004 2334 AB,
1043 2293 1079 2326 et
1103 2292 1188 2326 haec
1211 2291 1284 2326 tria
1309 2294 1345 2325 et
1371 2292 1503 2334 septem
1530 2289 1648 2323 decem

145 2370 226 2406 DF
239 2370 336 2413 Sch.‚
377 2371 413 2404 et
442 2370 504 2404 hec
534 2353 607 2405 lt'ria
638 2352 675 2404 'e't
707 2372 841 2426 septem
874 2370 990 2405 decem
1027 2371 1068 2405 Ε
1202 2372 1277 2405 trea
1311 2370 1386 2405 HS
1408 2370 1557 2414 saepius

148 2439 190 2473 15
225 2439 382 2473 humana
418 2438 537 2473 anima
572 2439 650 2473 HL
788 2420 831 2473 ie
869 2438 1038 2482 adpareat
1069 2438 1321 2491 ABDEtffpss
1463 2437 1503 2471 17
1540 2435 1648 2471 intel-

146 2495 388 2530 lectuabiliter
419 2494 717 2531 ABDFHLRS
730 2494 810 2530 Seh.
952 2495 996 2530 18
1026 2496 1163 2529 restant
1195 2494 1231 2529 R
1368 2494 1421 2537 ut]
1455 2495 1490 2527 et
1520 2493 1557 2528 R

146 2556 371 2619 disputamus
397 2574 427 2609 S
551 2584 693 2620 corpore
717 2575 886 2618 ABHR,
927 2575 1062 2619 corpori
1087 2574 1188 2609 LST
1318 2574 1361 2607 19
1386 2573 1503 2618 potuit
1529 2572 1559 2607 Ο

145 2631 192 2666 20
221 2631 277 2666 fef
311 2631 386 2666 AB
523 2631 567 2665 22
599 2633 674 2666 eius
705 2634 759 2666 est
793 2630 822 2666 S
957 2632 1000 2666 23
1033 2631 1105 2665 alia.
1134 2630 1225 2665 E2T
1241 2630 1339 2671 Sela,
1380 2630 1490 2664 aliam
1513 2629 1591 2664 rell.
1617 2632 1648 2663 et

145 2688 166 2723 b
304 2688 376 2723 alia
406 2688 598 2733 quaelibet]
631 2688 880 2732 aliquamlibet
914 2689 944 2724 S
1078 2687 1257 2732 quaelibet
1287 2687 1345 2729 H,
1388 2686 1585 2731 quamlibet
1607 2685 1646 2720 D

145 2745 298 2787 FGLP,
338 2745 534 2790 quemlibet
560 2746 579 2780 b
