1884 2998
631 79 692 115 De
716 81 843 115 statu
867 81 1039 117 animae
1070 82 1089 118 1
1113 82 1147 118 3.
1581 84 1633 126 31

138 203 315 246 includit
353 203 552 246 adficiens
591 203 816 246 salubriter
853 205 1005 258 aliqua,
1045 206 1298 250 iudicialiter
1337 208 1476 262 aliqua
1515 209 1637 251 adfici

138 271 289 322 sinens,
320 271 410 325 ipsa
440 271 492 314 ab
523 271 636 314 omni
667 272 833 314 adfectu
862 273 930 315 uel
971 276 1087 316 motu
1123 276 1322 330 temporis
1352 279 1393 319 et
1423 277 1504 319 loci
1536 278 1637 320 satis

138 340 286 390 aliena,
318 340 507 394 praedita
536 340 609 382 illo
639 342 806 382 tantum
836 342 952 383 motu
982 341 1053 395 qui
1088 342 1254 385 stabilis
1285 344 1449 394 dicitur,
1482 359 1526 387 ex
1558 359 1637 400 qua

139 409 181 450 et
222 421 294 462 per
325 420 451 462 quam
492 410 534 450 et
574 410 616 450 in
658 420 738 461 qua
778 409 842 451 est
883 421 1004 451 omne
1045 411 1151 463 quod
1182 412 1268 454 solo
1299 413 1481 466 tempore
1512 418 1552 456 et
1584 416 1635 457 ab

110 478 230 530 sipsa
260 478 424 520 tantum
454 479 658 527 mouetur,
700 480 891 519 et'omne
924 478 1030 532 quod
1061 481 1102 520 et
1133 492 1204 533 per
1235 482 1397 533 tempus
1427 484 1469 523 et
1499 482 1636 524 locum

139 546 189 588 ab
222 546 298 588 illa
327 546 520 587 mouetur
549 557 679 598 neque
711 546 796 587 solo
828 548 993 587 tantum
1025 549 1220 600 tempore.
1267 550 1336 590 sed
1372 549 1499 590 istinc
1519 550 1634 592 alias.

138 628 246 657 nunc
286 617 428 656 autem
465 614 592 656 missa
632 613 840 665 facientes,
884 626 988 667 quae
1018 614 1120 657 talia
1150 615 1330 669 profecto
1361 619 1458 658 sunt
1488 618 1635 659 merito

139 684 205 725 uel
245 683 416 733 uiribus,
456 685 504 723 ut
552 682 692 724 eadem
734 683 945 736 inprobari
985 683 1040 724 sit
1080 683 1252 737 iustum,
1297 685 1514 738 inpugnari
1559 698 1638 727 non

139 753 430 802 necessarium,
471 753 521 793 ad
562 751 802 793 testimonia
842 752 917 793 illa
957 752 1188 803 ueniamus,
1229 765 1333 806 quae
1373 767 1420 795 ex
1456 755 1638 808 apostolo

92 836 126 861 10
140 822 183 863 in
213 820 487 875 patrocinium
509 819 574 861 sui
605 812 822 862 mutuatus
845 821 917 863 est.
962 821 1019 862 ait
1042 820 1165 874 enim,
1193 834 1264 863 cur
1284 822 1364 864 dici
1386 834 1467 863 non
1487 822 1639 876 possit:

139 890 311 932 sensit
344 888 709 943 conpatientis
740 889 980 938 adfectu,
1005 889 1167 942 quando
1190 890 1399 943 apostolus
1421 890 1639 933 dicendum

138 958 326 1013 putauit:
367 970 644 1012 numquam
685 957 944 999 dominum
985 957 1188 1011 gloriae
1219 958 1638 1012 crucifixissent,

139 1039 246 1078 cum,
279 1027 385 1069 sicut
416 1027 486 1069 lux
527 1026 688 1068 nullam
729 1026 883 1067 sentire
919 1026 1049 1078 possit
1080 1026 1248 1080 plagam
1279 1026 1475 1078 uulneris,
1507 1028 1567 1069 ita
1597 1029 1638 1068 et

140 1097 282 1139 auctor
322 1096 428 1139 lucis
470 1097 631 1138 nullam
672 1106 848 1148 poenam
888 1094 1062 1136 senserit
1101 1094 1315 1148 passionis,
1366 1098 1501 1148 potest
1543 1107 1638 1149 ergo

91 1165 240 1208 1⁵dici:
281 1167 368 1208 sed
408 1166 577 1207 sensit
616 1164 979 1218 conpatientis
1011 1164 1239 1206 adfectu.
1290 1164 1428 1218 potest
1459 1163 1638 1217 quidem,

138 1234 236 1289 quia
287 1235 462 1276 omnia
511 1234 708 1285 licent,
756 1234 827 1275 sed
871 1245 955 1275 non
998 1232 1130 1286 debet,
1177 1232 1272 1286 quia
1317 1244 1415 1274 non
1463 1234 1638 1274 omnia

140 1303 448 1346 aedificant.

194 1384 344 1426 Risum
394 1384 535 1425 tamen
594 1383 638 1424 in
689 1382 770 1425 isto
821 1381 1159 1435 conparationum
1208 1394 1255 1424 ac
1303 1381 1632 1435 prolocutionum

138 1455 304 1494 tuarum
349 1464 497 1506 genere
538 1453 677 1493 tenere
718 1451 787 1492 uix
826 1462 1006 1503 possum.
1059 1450 1182 1503 paulo
1221 1450 1334 1503 prius
1375 1450 1633 1492 adstruxeras

47 1558 53 1565 .
91 1521 261 1564 zodeum
291 1520 477 1562 desinere
509 1531 595 1561 esse
634 1519 838 1561 uirtutem
872 1519 1104 1571 idcircoque
1144 1519 1315 1569 mutari,
1348 1530 1456 1560 nunc
1486 1517 1632 1559 itidem

137 1589 347 1632 sententia
385 1589 581 1631 flaccente
622 1587 833 1630 declamas
874 1588 981 1641 quod
1024 1588 1131 1629 sicut
1176 1587 1246 1629 lux
1290 1587 1447 1629 nullam
1482 1587 1633 1628 sentire

136 1658 267 1711 possit
315 1658 485 1712 plagam
524 1657 724 1710 uulneris,
766 1656 826 1697 ita
867 1658 909 1697 et
949 1658 1090 1698 auctor
1130 1655 1234 1697 lucis
1276 1656 1433 1697 nullam
1463 1667 1635 1708 poenam

136 1726 310 1768 senserit
339 1725 557 1780 passionis.
608 1737 704 1779 ergo
735 1724 901 1778 plagam
944 1725 1015 1765 lux
1045 1724 1133 1766 sola
1162 1724 1304 1766 sentit.
1335 1722 1634 1776 numquidnam

274 1850 317 1886 10
341 1850 416 1886 eius
440 1850 535 1885 modi
561 1850 653 1884 nihil
678 1849 716 1884 in
740 1849 866 1883 Fausti
890 1849 1043 1893 epistula
1067 1847 1169 1882 hodie
1194 1848 1326 1891 legitur
1451 1847 1492 1880 1⁴2
1517 1846 1534 1880 Ι
1559 1845 1636 1882 Cor.

135 1909 168 1949 2,
193 1910 214 1944 8
355 1909 398 1943 16
430 1908 449 1943 I
472 1908 552 1944 Cor.
577 1908 610 1948 6,
638 1907 699 1948 12;
738 1907 793 1948 10,
818 1906 862 1940 23

208 2023 224 2056 1
261 2022 440 2067 adficiens]
475 2022 594 2067 aliqua
626 2020 712 2056 add.
745 2021 793 2055 M
816 2020 971 2055 editores
1108 2018 1307 2053 iudicaliter
1340 2017 1383 2060 S,
1424 2017 1637 2051 iudicabitur

137 2079 174 2115 R
312 2080 334 2113 2
359 2079 472 2114 omini
496 2079 545 2114 M
678 2078 701 2113 3
729 2078 929 2122 praeditam
954 2077 1059 2118 A¹B‚
1101 2075 1260 2120 predicta
1285 2075 1333 2109 M
1467 2075 1489 2108 4
1523 2073 1635 2108 solum

137 2138 174 2171 A
311 2137 332 2172 6
365 2137 429 2171 illo
468 2136 575 2172 GMb
713 2135 790 2179 illa]
825 2136 970 2169 tantum
1001 2133 1087 2169 add.
1114 2135 1158 2177 1⁹²
1295 2142 1405 2176 neque
1437 2130 1636 2171 Hartelius,

137 2205 207 2230 non
231 2194 323 2230 coni.
350 2193 538 2234 Schottus,
579 2193 671 2237 quod
702 2192 792 2235 Mb,
834 2202 922 2236 quae
947 2191 1024 2226 rell.
1162 2190 1236 2224 sola
1268 2188 1335 2223 LS
1468 2187 1634 2231 tempore]

137 2253 302 2286 mouetur
332 2250 419 2286 add.
452 2251 506 2293 E,
547 2260 616 2284 non
641 2250 804 2284 mouetur
835 2248 921 2284 add.
955 2248 984 2283 S
1119 2246 1218 2281 istud
1245 2246 1281 2280 B
1303 2257 1399 2280 man.
1423 2255 1508 2286 recu,
1550 2244 1637 2278 istec

136 2309 191 2351 E,
231 2309 342 2344 istaec
366 2308 520 2344 editores
656 2307 679 2342 8
703 2306 848 2341 eandem
871 2304 1091 2341 ABGHRS
1224 2302 1426 2347 inpugnari]
1454 2300 1636 2346 inprobari

136 2367 173 2402 R
316 2366 352 2400 11
392 2365 502 2400 sentit
540 2365 575 2400 G
723 2363 764 2398 12
801 2373 1024 2407 nequaquam
1065 2361 1099 2396 G
1247 2360 1289 2394 15
1325 2358 1383 2392 sed
1418 2369 1484 2394 om.
1518 2369 1545 2402 p

139 2424 181 2458 16
206 2422 334 2458 debent
358 2423 445 2458 libri
465 2425 615 2467 praeter
640 2421 743 2456 B²M
747 2421 767 2455 b
792 2424 826 2455 et
852 2419 932 2455 Βοὴ.
1064 2417 1183 2453 omnia
1207 2427 1275 2451 non
1299 2415 1335 2450 Β
1474 2415 1516 2449 18
1540 2415 1636 2449 insto

136 2486 174 2521 R
293 2485 577 2530 corporationum
601 2483 780 2518 ABD¹F¹
905 2482 947 2516 19
971 2484 1148 2516 astrueras
1172 2479 1231 2521 B¹‚
1270 2477 1454 2513 astruebas
1481 2477 1515 2512 B
1538 2487 1637 2511 man,

136 2575 224 2608 ree„
272 2547 447 2600 astriferas
487 2565 522 2601 G
667 2563 714 2598 20
748 2562 879 2597 idcirco
915 2571 1019 2606 quem
1054 2558 1338 2600 ABGHMRb,
1387 2557 1516 2592 idcirco
1552 2557 1636 2601 quia

136 2629 231 2665 coni.
254 2628 437 2663 Barthius
572 2626 784 2670 idcircoque]
811 2626 870 2660 tflc
894 2624 978 2662 add.
1004 2623 1078 2658 Mb
1208 2620 1344 2665 itidem]
1371 2620 1408 2654 id
1432 2622 1486 2654 est
1509 2619 1545 2654 R

136 2685 181 2719 21
206 2684 494 2720 nullam—lucis
519 2694 586 2719 om.
611 2683 670 2717 M¹
