1884 2998
259 103 314 147 36
773 104 1016 141 Claudiani
1044 106 1254 143 Mamerti

257 229 480 273 dicendum
524 229 608 271 est:
654 241 751 272 non
799 229 1056 273 adficitur
1099 232 1443 285 passibiliter
1483 235 1628 288 deus,
1671 238 1762 280 sed:

256 311 286 341 n
296 312 319 342 o
330 313 357 341 n
397 311 422 341 a
431 299 458 341 d
467 298 507 340 fi
517 299 559 341 ci
571 301 624 341 tu
635 311 656 341 r
694 299 720 341 d
730 311 751 342 e
760 312 788 342 11
798 312 829 342 s.
881 299 917 341 si
953 312 1034 342 non
1065 299 1267 352 adficitur,
1307 314 1388 344 non
1420 303 1547 345 sensit
1578 305 1762 357 conpati-

258 367 365 409 entis
415 366 595 411 adfectu.
656 370 690 411 si
735 368 864 412 sensit
913 369 1188 424 conpatientis
1236 370 1412 423 adfectu,
1465 375 1764 427 consequenter

257 436 461 479 adficitur.

313 517 392 560 Aio
428 529 523 572 ego:
557 517 685 560 nullis
717 518 906 560 adficitur
937 518 1081 560 diuina
1112 518 1359 571 substantia,
1391 519 1529 574 inquis
1560 521 1627 564 tu:
1662 522 1763 563 deus
1795 539 1811 565 5

255 598 336 629 non
375 587 579 630 adficitur.
625 588 843 630 redeamus
888 587 933 629 in
973 587 1166 642 gratiam.
1217 589 1508 642 pessumdetur
1549 602 1569 632 e
1613 591 1763 640 medio,

256 656 327 710 qui
357 658 399 698 te
430 655 618 699 fortassis
650 657 854 711 ignarum,
888 658 994 710 quod
1025 657 1135 698 certe
1165 658 1293 710 patet,
1323 657 1536 700 incautum
1561 659 1764 712 respergit

253 724 439 768 infamia.
491 725 561 767 sed
599 725 852 779 superadicis
892 726 933 766 et
973 725 1206 778 apostolum
1249 726 1403 768 dixisse
1434 727 1680 780 pronuntias
1713 728 1762 769 de

255 792 418 836 Christo
450 794 533 836 iam
565 795 607 836 111
629 794 755 836 caelis
776 793 932 847 posito:
960 794 1204 836 habemus
1235 796 1394 837 talem
1426 796 1759 850 pontificem,

255 863 341 917 qui
382 862 554 917 possit
596 862 809 916 conpati
849 862 1278 905 infirmitatibus
1319 865 1543 916 nostris,
1583 866 1623 906 et
1654 866 1811 909 tam-10

255 943 379 985 quam
410 931 517 973 nihil
554 931 620 974 hic
641 931 698 973 sit
718 931 1061 985 pertractandum
1083 932 1486 987 discutiendumque,
1511 933 1762 975 satisfecisse

252 1003 296 1043 te
340 1001 548 1055 proposito
598 1000 788 1056 gloriaris
839 999 1094 1042 transiturus
1141 1000 1191 1042 ad
1242 1001 1414 1044 tertiam
1465 1002 1762 1055 quaestionem.

253 1069 385 1123 igitur
425 1072 472 1111 ut
502 1081 626 1123 quam
657 1068 904 1111 breuissime
944 1081 1187 1122 responsum
1227 1069 1417 1126 referam,
1465 1071 1647 1124 pontifex
1678 1071 1761 1122 1116,

254 1139 390 1191 credo,
423 1140 486 1180 est
517 1137 587 1192 qui
617 1137 903 1192 principaliter
933 1140 1040 1193 apud
1062 1138 1326 1181 diuinitatem
1348 1151 1534 1182 summae
1556 1139 1762 1181 trinitatis

253 1208 427 1251 humani
457 1207 619 1262 generis
650 1206 790 1249 oblata
820 1206 1039 1256 sacrificat,
1071 1208 1239 1260 peccata
1260 1208 1409 1260 expiat,
1432 1210 1531 1250 uota
1554 1219 1811 1252 commen-15

253 1277 338 1320 dat.
391 1277 477 1331 ipse
508 1288 604 1331 ergo
635 1288 758 1318 uerus
789 1275 979 1318 sacerdos
1011 1275 1087 1329 est,
1126 1275 1224 1328 quia
1254 1276 1287 1317 si
1317 1275 1427 1318 filius
1450 1276 1515 1318 dei
1537 1276 1763 1318 secundum

253 1347 296 1390 id
342 1346 452 1400 quod
497 1345 679 1399 aequalis
728 1347 790 1386 est
834 1344 960 1399 patri,
1009 1356 1090 1386 non
1130 1345 1220 1386 tam
1260 1357 1399 1398 preces
1440 1344 1592 1396 fundit,
1639 1357 1764 1398 quam

252 1417 470 1469 precantes
512 1413 702 1464 exaudit,
745 1414 867 1456 homo
908 1413 1048 1467 potius
1089 1413 1158 1456 hic
1190 1413 1498 1469 intellegendus
1531 1415 1606 1465 est,
1639 1427 1762 1468 quem

252 1483 492 1539 pontificem
534 1483 745 1537 apostolus
787 1482 926 1525 dicens
966 1483 1202 1536 nostrisque
1240 1482 1557 1525 infirmitatibus
1597 1483 1762 1537 conpati

252 1553 527 1606 pronuntians
573 1552 623 1594 (16
672 1552 761 1605 ipso
806 1551 954 1593 itidem
994 1552 1118 1594 dicit:
1164 1550 1417 1594 Christus
1458 1552 1635 1603 Iesus,
1673 1551 1809 1606 qui20

253 1622 498 1664 mortuus
546 1622 645 1673 est,
691 1620 844 1662 immo
892 1621 1048 1664 etiam
1096 1620 1182 1674 qui
1224 1622 1273 1663 et
1314 1620 1639 1671 resurrexit,
1677 1620 1763 1673 qui

253 1694 331 1734 est
362 1692 412 1733 in
444 1690 660 1733 dextera
691 1690 792 1740 dei,
827 1688 913 1743 qui
945 1690 1108 1731 etiam
1138 1689 1454 1743 interpellat
1485 1703 1573 1743 pro
1596 1689 1761 1732 nobis.

251 1761 326 1803 ille
373 1772 468 1815 ergo
514 1759 699 1814 pontifex
747 1760 984 1813 conpatitur
1034 1759 1166 1811 nobis,
1215 1759 1286 1813 qui
1327 1761 1368 1801 et
1408 1759 1648 1812 interpellat
1688 1768 1761 1811 pro

252 1830 384 1872 nobis.
430 1830 501 1871 1116
540 1841 639 1871 uero
680 1830 751 1882 qui
790 1829 1075 1883 interpellanti
1122 1828 1282 1878 adnuit,
1328 1828 1420 1882 ipsa
1465 1828 1634 1870 trinitas
1681 1838 1762 1868 non

251 1888 424 1941 haberet
463 1898 608 1952 utique
649 1910 771 1952 quem
813 1897 892 1939 sibi
932 1897 1198 1951 interpellare
1238 1897 1516 1939 necessarium
1561 1896 1681 1949 foret,
1726 1895 1761 1936 si
1775 1914 1809 1940 25

251 1968 342 2022 pati
383 1969 456 2010 aut
496 1967 615 2010 adfici
655 1967 865 2009 ullatenus
906 1967 1056 2020 posset.
1108 1964 1247 2008 iamne
1285 1966 1496 2020 intellegis
1538 1966 1761 2008 aduersum

388 2105 410 2139 9
434 2104 539 2139 Hebr.
566 2107 598 2146 4,
627 2103 669 2139 15
804 2103 850 2138 20
874 2102 975 2138 Rom.
1000 2102 1032 2144 8,
1057 2101 1103 2137 34

321 2231 342 2265 2
359 2229 595 2265 si—adfectu
612 2239 678 2264 om.
696 2227 764 2263 BC
878 2228 900 2262 5
924 2228 992 2273 aio]
1011 2230 1049 2262 at
1066 2227 1291 2262 ABDEFP
1403 2237 1485 2272 ergo
1503 2226 1573 2262 ΒΤ
1588 2226 1668 2262 Sch.

251 2286 607 2323 diuina—adficitur
631 2296 698 2322 om.
723 2285 783 2320 Μι
906 2285 925 2319 7
952 2285 1025 2330 (1111]
1051 2295 1142 2330 quae
1165 2285 1259 2321 coni.
1285 2284 1463 2320 Barthius
1578 2284 1760 2328 ingratum

251 2346 345 2383 coni.
370 2344 553 2380 Bar-thius
668 2343 779 2389 patet]
806 2344 867 2377 aut
892 2342 976 2377 add.
1005 2342 1176 2378 Schottus
1298 2341 1494 2385 incautum]
1522 2341 1560 2376 in
1585 2342 1760 2386 quantum

251 2403 300 2438 M
325 2404 433 2447 (corr.
459 2402 499 2436 in
522 2402 662 2447 mary.),
702 2400 885 2435 incautum
910 2400 963 2442 R,
1005 2399 1160 2434 incautis
1185 2400 1216 2442 b,
1256 2399 1420 2434 incautus
1439 2409 1468 2443 p
1607 2398 1630 2433 8
1654 2409 1761 2443 supra

251 2466 342 2501 dicis
381 2465 415 2501 G
557 2464 599 2499 11
636 2463 949 2521 praetractandum
986 2463 1129 2498 mauult
1165 2462 1347 2497 Bar-thius
1490 2461 1532 2496 14
1568 2462 1622 2496 est
1658 2461 1760 2496 credo

252 2532 283 2568 S
421 2533 463 2568 15
498 2532 634 2567 scificat
666 2532 730 2574 M,
770 2531 972 2566 sanctificat
1003 2531 1023 2566 b
1163 2530 1205 2566 16
1237 2531 1339 2576 quasi
1370 2529 1414 2573 0,
1454 2529 1516 2574 qui
1542 2529 1595 2571 R,
1638 2530 1669 2564 si
1693 2540 1759 2565 om.

251 2612 364 2648 MRb
496 2612 539 2647 18
564 2617 634 2656 qua
659 2612 695 2648 R
826 2611 870 2646 22
895 2588 939 2646 aid
964 2611 1141 2646 dexteram
1176 2610 1213 2654 Ο,
1252 2610 1290 2644 111
1315 2609 1493 2644 dexteram
1518 2610 1554 2645 R
1683 2610 1759 2645 dex-

251 2676 309 2711 tra
326 2675 361 2710 L
454 2674 499 2709 24
517 2674 572 2709 cui
589 2675 682 2711 coni.
701 2674 884 2710 Barthius
976 2684 1047 2708 non
1064 2684 1130 2709 om.
1153 2673 1187 2708 G
1287 2672 1332 2707 25
1348 2672 1476 2707 habere
1498 2671 1666 2708 ΟΗΙΕΒι

251 2744 288 2769 se
313 2732 364 2768 ibi
389 2733 479 2768 coni.
506 2733 686 2768 Bar-thius
825 2732 869 2768 26
894 2734 1012 2777 posset
1040 2731 1130 2774 68³,
1168 2731 1281 2777 possit
1305 2731 1381 2766 rell.
1407 2734 1439 2766 et
1465 2730 1615 2766 editores
