1884 2998
278 161 359 204 146
784 159 1027 195 Claudiani
1052 159 1264 195 Mamerti

275 286 414 328 autem
444 284 661 336 subicitur,
696 285 802 338 quod
834 287 969 327 terrae
1000 297 1144 339 corpus
1169 298 1298 328 unum
1319 285 1364 327 in
1385 285 1598 339 scripturis
1620 286 1775 329 dicitur

276 353 386 396 orbis
435 365 524 395 esse
568 353 784 395 terrarum.
836 354 897 395 ita
926 353 1057 408 igitur
1087 353 1224 396 forsan
1264 354 1455 396 dicantur
1493 354 1595 397 caeli
1636 356 1774 407 multi,

277 435 371 464 cum
410 421 489 463 duo
528 421 626 477 sint,
665 422 772 464 sicut
811 422 945 464 terrae
984 422 1182 464 dicuntur
1220 434 1318 476 esse,
1358 434 1454 464 cum
1493 435 1574 465 una
1603 423 1672 465 sit.
1723 424 1776 466 ad

275 492 383 546 quod
414 502 510 544 ergo
542 490 716 532 tertium
748 490 910 532 caelum
945 490 1090 543 raptus
1121 491 1184 532 est
1214 490 1398 533 Paulus?
1428 489 1492 533 eia
1521 502 1630 533 nunc
1660 492 1777 534 sodes

276 560 467 615 egredere
498 561 539 601 et
570 559 871 601 elementorum
912 558 1093 600 molibus
1125 558 1304 601 excussis
1344 559 1605 612 trutinaeque
1634 558 1777 602 iudicii
1805 574 1822 601 5

276 640 492 683 corporum
523 627 771 681 ponderibus
801 626 989 680 inpositis
1023 627 1206 680 adpende
1237 629 1459 670 mundum:
1488 627 1671 681 quipiam
1692 627 1776 670 for-

274 698 384 739 tasse
424 695 524 738 caeli
567 695 687 737 nobis
733 694 950 737 undeunde
999 695 1230 748 prosilient.
1282 696 1354 738 aut
1394 696 1430 738 si
1459 709 1566 738 unus
1595 695 1776 737 mundus

273 766 411 819 plures
442 776 561 817 porro
592 775 673 806 non
703 763 827 823 habet
858 763 1002 814 caelos,
1041 763 1199 817 aliquos
1229 764 1310 807 tibi
1341 777 1436 806 cum
1456 765 1631 818 Epicuro
1653 777 1776 806 mun-

274 835 347 876 dos
390 834 621 876 atomorum
660 832 823 874 minuta
866 831 1116 886 parturiant,
1152 835 1199 874 ut
1229 834 1401 875 tertium
1432 834 1593 876 caelum
1622 832 1777 875 Paulus

274 902 474 944 inueniat.
528 901 599 944 sed
630 901 729 954 quid
759 901 812 943 ad
833 900 1139 944 beatitudinem
1160 902 1330 955 spectat,
1352 903 1400 944 ut
1419 902 1468 944 de
1490 914 1569 944 uno
1591 913 1778 955 corporeo
1791 916 1824 942 10

275 971 327 1013 ad
374 970 488 1012 aliud
534 969 606 1011 aut
651 969 701 1011 ab
731 969 809 1011 1100
839 970 891 1011 ad
930 970 1104 1011 tertium
1142 982 1269 1024 aeque
1310 982 1549 1024 corporeum
1593 971 1778 1024 quisquis

274 1038 481 1091 ascendat,
514 1050 609 1080 cum
639 1050 722 1080 non
750 1037 795 1079 id
825 1037 881 1080 sit
911 1038 1061 1080 merito
1093 1038 1267 1091 beatius,
1293 1041 1401 1092 quod
1421 1039 1509 1081 1000
1529 1039 1778 1082 sublimius?

276 1107 459 1162 alioquin
497 1109 645 1150 cedent
685 1105 860 1148 aniculis
901 1106 1100 1158 homines,
1133 1107 1258 1161 atque
1287 1109 1338 1150 ad
1378 1107 1669 1150 aeternitatem
1699 1120 1778 1149 non

274 1176 526 1231 profectibus
555 1176 634 1219 ibit
665 1176 851 1229 quisque,
889 1177 958 1218 sed
988 1175 1193 1230 passibus.

331 1255 588 1310 Quapropter
628 1268 721 1298 cum
766 1268 842 1299 nec
882 1256 1211 1310 praeeminentia
1255 1256 1395 1298 localis
1426 1258 1594 1299 beatum
1639 1256 1826 1307 faciat,15

273 1317 353 1368 1100Ι
376 1328 462 1367 tres
493 1324 720 1367 identidem
750 1324 883 1367 caelos
914 1324 1059 1367 anima
1079 1324 1299 1379 corporalis
1321 1326 1520 1376 inueniat,
1543 1327 1591 1367 ut
1611 1326 1780 1367 tandem

274 1394 433 1436 defecta
471 1393 709 1448 corporibus
747 1393 1000 1448 incorporeis
1036 1394 1166 1445 cedat,
1198 1393 1314 1436 iuxta
1344 1393 1620 1447 praelibatam
1650 1393 1781 1435 tacita

274 1462 528 1505 discussione
569 1462 772 1505 rationem
802 1462 1032 1505 ternarium
1070 1462 1277 1505 caelorum
1307 1474 1526 1504 numerum
1556 1461 1781 1504 differenti-

274 1542 422 1584 amque
451 1531 681 1582 uideamus,
719 1530 817 1585 quia
841 1543 935 1573 cum
974 1530 1210 1573 differentia
1231 1531 1485 1585 dignitatum
1506 1530 1561 1572 sit
1581 1530 1781 1572 distantia

273 1600 470 1652 locorum,
502 1599 538 1642 si
570 1599 728 1642 distant
758 1599 895 1653 magis
926 1612 1052 1654 quam
1083 1599 1275 1642 differant
1303 1599 1413 1641 inter
1437 1599 1618 1653 primum
1639 1610 1780 1641 secun-
1791 1615 1826 1640 20

274 1668 455 1723 dumque
487 1669 658 1720 caelum,
691 1680 841 1722 quaero
873 1668 972 1723 quid
1003 1667 1062 1710 rei
1092 1667 1177 1710 sit?
1208 1670 1281 1710 aut
1312 1667 1548 1710 substantia
1582 1666 1779 1709 uidelicet

343 1863 360 1896 1
380 1860 582 1895 subdicitur
599 1859 657 1904 M,
697 1860 1001 1895 animaduertitur
1019 1860 1039 1895 b
1150 1860 1184 1894 >3
1200 1870 1275 1894 esse
1292 1860 1384 1904 cum]
1403 1869 1444 1894 ex
1460 1858 1515 1893 his
1534 1858 1671 1894 duobus
1688 1858 1784 1903 quod

274 1918 357 1953 add.
383 1918 468 1953 libri
486 1921 640 1962 praeter
664 1917 833 1954 0E²GM
855 1921 890 1953 et
906 1918 1042 1953 mirum
1058 1917 1102 1953 in
1117 1918 1263 1953 modum
1285 1917 1393 1953 iidem
1415 1917 1510 1959 libri,
1535 1917 1598 1961 qui
1620 1917 1784 1963 hocloco

274 1979 448 2020 quattuor
484 1976 556 2011 ista
590 1975 703 2011 uerba
737 1974 833 2018 salso
864 1975 1023 2018 addunt,
1059 1975 1182 2010 eadem
1218 1975 1300 2020 ipsa
1335 1974 1447 2010 uerba
1481 1974 1576 2017 falso
1612 1974 1784 2010 omittunt

269 2034 526 2078 pa9.140,42,
567 2032 699 2067 existat
724 2032 822 2067 haud
846 2032 996 2068 dubium
1019 2032 1114 2077 quod
1140 2032 1175 2068 T
1191 2031 1274 2068 Sch.
1395 2031 1419 2066 4
1442 2031 1490 2066 sit
1512 2031 1693 2067 Barthius

274 2102 345 2147 eia]
377 2101 449 2136 iam
474 2112 521 2137 ex
544 2112 629 2137 nam
652 2101 740 2137 add.
773 2102 849 2138 Mb
985 2101 1088 2137 sodos
1124 2101 1177 2144 L,
1217 2101 1249 2136 si
1284 2101 1391 2136 audes
1427 2101 1519 2143 Mb,
1559 2100 1656 2135 sedes
1697 2099 1784 2136 Gaz-

273 2161 379 2207 land.
517 2171 539 2206 5
576 2160 744 2226 mollibus
781 2171 812 2206 S
945 2171 1146 2216 trotineque
1181 2171 1275 2214 HR,
1319 2170 1484 2216 tronique
1518 2170 1569 2204 M
1598 2171 1706 2213 (corr.
1742 2169 1784 2204 in

272 2240 420 2285 mar-9),
460 2238 668 2283 trutinaque
703 2238 785 2276 Seli.
926 2239 947 2273 6
985 2239 1143 2284 quipiam
1179 2239 1377 2283 Bartbius,
1415 2238 1598 2284 quippiam
1634 2238 1719 2274 libri
1750 2241 1784 2273 et

274 2308 431 2345 editores
536 2356 539 2358 -
580 2308 600 2342 'l
633 2308 832 2354 undeunde]
865 2308 957 2344 unde
989 2309 1168 2352 BGMR,
1209 2309 1291 2344 inde
1318 2308 1452 2345 DE¹F
1596 2307 1784 2363 prosilient

274 2377 319 2420 S,
358 2377 520 2422 prosiliet
555 2377 575 2412 b
720 2378 743 2412 8
777 2377 1108 2422 plures-mundos
1144 2388 1210 2413 om-
1249 2377 1290 2413 8¹
1426 2377 1580 2421 epicurio
1617 2377 1691 2412 Mb

273 2457 426 2493 mundus
459 2457 532 2494 LR
673 2458 716 2493 10
746 2458 778 2493 si
809 2458 884 2494 Mb
1023 2459 1109 2503 quid
1142 2459 1307 2494 EF²Mb
1329 2458 1427 2500 Sch.‚
1468 2458 1562 2503 qusm
1593 2458 1649 2499 D,
1690 2434 1783 2503 (ἰδῇ),

275 2525 319 2569 S,
360 2526 454 2571 quod
485 2526 563 2562 rell.
704 2528 842 2571 spectat
877 2526 1041 2570 editores,
1087 2528 1228 2571 expetat
1258 2526 1383 2569 HLS,
1423 2528 1583 2571 expectat
1613 2527 1691 2561 rell.

274 2585 316 2618 ut
331 2582 387 2628 de]
412 2583 506 2618 unde
530 2583 567 2618 B
684 2584 727 2618 11
751 2584 900 2628 quisque
926 2583 1082 2620 editores
1198 2583 1242 2618 13
1265 2593 1286 2617 a
1303 2583 1454 2618 uinculis
1479 2583 1692 2619 ABCF¹L¹

276 2640 320 2674 14
354 2640 517 2685 quisquis
554 2640 604 2675 M
744 2641 787 2675 16
825 2641 1020 2686 corporales
1056 2640 1253 2676 DE¹F²M
1285 2640 1437 2675 editores
1467 2644 1619 2685 praeter
1647 2642 1693 2686 1³²

276 2697 319 2731 17
337 2697 448 2731 tacite
466 2697 713 2733 disscussionis
733 2697 781 2732 M
892 2698 936 2733 19
961 2697 1103 2733 uideam
1127 2698 1202 2733 AB
1316 2697 1509 2733 distantiae
1533 2698 1620 2734 libri
1634 2702 1783 2743 praeter

277 2764 363 2801 GM
383 2769 416 2802 et
441 2766 521 2803 Son.
661 2767 707 2802 20
730 2757 834 2803 (11ῆεῖ-
859 2767 925 2810 Μ,
967 2767 1138 2803 differunt
1164 2768 1184 2803 b
