1884 2998
245 167 330 209 204
759 163 1000 199 Claudiani
1029 165 1238 200 Mamerti

245 303 341 333 nam
388 290 496 343 quod
541 301 624 331 non
662 290 784 331 modo
823 288 874 330 ad
913 289 1196 331 innouandum
1237 289 1464 342 quippiam,
1505 291 1577 332 sed
1616 302 1666 331 ne
1696 291 1747 331 ad

246 357 540 400 dediscendum
580 357 748 410 quidem
788 357 942 410 absque
979 358 1020 398 te
1052 369 1132 398 uno
1173 357 1414 410 disciplinae
1451 357 1603 398 nobilis
1635 357 1748 399 ullus

244 425 444 480 adspirat,
485 425 768 479 neglegentiae
806 426 847 466 id
887 425 1090 466 humanae
1132 424 1411 467 adscribemus
1453 437 1505 467 an
1543 425 1748 467 naturae?

245 494 281 536 si
302 495 461 536 malum
490 494 595 536 istoc
624 494 797 534 naturae
827 493 931 534 uitio
962 492 1179 543 uertimus,
1212 493 1514 546 numquidnam
1545 506 1568 535 a
1598 505 1749 547 genere

244 562 426 604 humano
477 561 639 604 differre
690 561 774 602 dici
819 561 955 614 potest
999 573 1130 615 genus
1177 561 1418 610 humanum,
1465 563 1538 602 aut
1582 561 1751 616 ingenia
1780 578 1797 605 5

247 631 389 674 eadem
437 641 514 671 non
560 630 668 679 sunt,
715 641 817 682 quae
863 629 976 671 fuere
1021 630 1150 682 prius,
1191 632 1263 671 aut
1302 629 1441 671 Cicero
1481 629 1545 671 sui
1593 629 1751 671 saeculi

246 711 437 742 summus
469 699 604 740 orator
635 700 733 740 nata
763 710 903 740 secum
941 699 1047 740 bona
1078 699 1240 752 accepto
1271 698 1416 740 habuit
1447 699 1489 740 et
1520 711 1599 740 non
1629 710 1750 751 mage

247 768 368 823 parui
398 767 582 820 pendens
615 766 840 808 domestica
871 767 912 808 et
944 767 1078 808 ciuica
1109 767 1160 808 ad
1192 779 1320 820 usque
1357 767 1575 809 Graeciam
1611 779 1752 820 capes-

249 836 401 879 sendae
431 835 698 890 opulentioris
730 835 925 877 scientiae
958 835 1094 889 gratia
1115 836 1400 889 peregrinatus
1422 837 1496 886 est,
1521 839 1593 877 aut
1616 836 1752 878 forsan

248 905 403 947 Platon
434 918 534 958 apex
565 905 810 958 culmenque
839 904 1121 958 philosophiae
1157 906 1275 957 priuo
1310 906 1483 946 naturae
1514 903 1622 946 bono
1655 915 1750 946 con-
1768 922 1801 947 ιο

247 974 390 1016 tentus
429 974 522 1027 post
561 972 740 1015 Socratis
783 973 980 1027 dogmata
1017 974 1298 1027 angustiorem
1333 975 1499 1015 credens
1531 973 1751 1018 Graeciam

249 1043 530 1085 doctrinarum
571 1054 696 1095 quam
727 1054 814 1084 sese
845 1043 1053 1084 uirtutum
1085 1055 1165 1084 non
1196 1055 1325 1096 usque
1356 1042 1407 1084 ad
1439 1043 1679 1097 Aegyptum
1710 1045 1751 1083 et

248 1111 302 1153 ad
340 1122 469 1163 usque
508 1109 792 1152 Brachmanos
832 1109 1031 1151 Indorum
1063 1112 1104 1151 et
1134 1112 1185 1152 ad
1220 1122 1349 1163 usque
1380 1110 1754 1164 Pythagoricarum

251 1179 532 1222 doctrinarum
565 1178 674 1232 [per]
705 1179 874 1220 heredes
899 1179 1130 1220 indefessus
1151 1191 1289 1220 rerum
1313 1180 1519 1220 scrutator
1549 1179 1755 1220 accessit?

249 1249 365 1290 taceo
407 1248 577 1300 ceteros,
617 1247 713 1300 quia
751 1260 826 1289 nec
865 1250 1029 1302 tempus
1069 1259 1144 1289 nec
1183 1259 1284 1300 opus
1322 1247 1493 1289 huiusce
1532 1247 1591 1289 rei
1629 1259 1800 1302 capax15

251 1318 325 1358 est.
377 1328 507 1357 unum
546 1315 651 1357 illud
690 1316 834 1368 procul
874 1316 1069 1370 ambiguo
1106 1316 1279 1357 dixerim
1311 1318 1450 1358 nostro
1481 1316 1642 1358 saeculo
1674 1329 1755 1359 non

248 1385 418 1439 ingenia
456 1388 605 1438 deesse,
647 1385 718 1426 sed
759 1385 913 1427 studia.
966 1398 1140 1438 quorum
1180 1386 1343 1439 egomet
1373 1387 1606 1428 studiorum
1637 1388 1756 1439 quasi

254 1454 464 1507 quandam
495 1455 673 1495 mortem
705 1453 832 1495 flebili
868 1454 986 1495 uelut
1018 1453 1225 1506 epitaphio
1254 1453 1520 1507 tumularem,
1553 1453 1633 1495 nisi
1664 1458 1755 1498 tute

250 1524 396 1566 eadem
427 1523 672 1566 uenerabili-
696 1523 961 1577 professione,
988 1523 1194 1565 laudabili
1227 1523 1424 1577 sollertia,
1457 1524 1542 1565 acri
1573 1524 1753 1577 ingenio,

247 1592 476 1646 profluente
523 1592 683 1645 eloquio
724 1591 1070 1634 resuscitauisses.
1125 1591 1232 1645 quod
1277 1592 1468 1645 equidem
1511 1593 1661 1634 bonum
1709 1604 1754 1634 eo
1768 1608 1802 1634 20

247 1661 536 1704 admirabilius
567 1662 628 1703 est
658 1660 761 1702 mihi
794 1673 872 1714 quo
906 1661 1162 1714 desperatius
1195 1660 1287 1702 fuit.

311 1740 435 1783 Video
486 1741 597 1782 enim
648 1753 690 1783 os
741 1740 973 1782 Romanum
1031 1753 1112 1782 non
1164 1741 1284 1782 modo
1335 1742 1635 1796 neglegentiae,
1687 1743 1757 1784 sed

245 1810 393 1865 pudori
434 1822 520 1851 esse
560 1809 768 1860 Romanis,
811 1809 1128 1862 grammaticam
1163 1808 1226 1850 uti
1277 1810 1486 1862 quandam
1535 1809 1756 1852 barbaram

248 1878 494 1921 barbarismi
533 1878 575 1920 et
615 1878 848 1920 soloecismi
888 1890 1024 1931 pugno
1065 1880 1105 1919 et
1139 1878 1251 1919 calce
1290 1879 1477 1932 propelli,
1511 1878 1756 1920 dialecticen

247 1949 461 2000 tamquam
505 1947 760 1989 Amazonem
805 1947 949 1989 stricto
997 1948 1304 1989 decertaturam
1345 1947 1482 2001 gladio
1528 1946 1754 1998 formidari,
1768 1966 1801 1992 25

248 2015 503 2057 rhetoricam
542 2016 626 2057 acsi
673 2016 874 2069 grandem
914 2016 1126 2058 dominam
1172 2016 1215 2057 in
1261 2016 1434 2070 angusto
1487 2028 1566 2058 non
1614 2016 1753 2069 recipi,

249 2084 436 2126 musicen
475 2096 571 2125 uero
612 2084 655 2126 et
691 2086 984 2138 geometricam
1025 2086 1150 2138 atque
1181 2084 1491 2126 arithmeticam
1522 2087 1605 2126 tres
1638 2085 1754 2137 quasi

249 2151 378 2194 furias
426 2153 584 2206 despui,
635 2154 828 2206 posthinc
873 2153 1179 2208 philosophiam
1228 2151 1380 2209 [atque]
1434 2153 1496 2194 uti
1547 2153 1753 2206 quoddam

249 2220 482 2263 ominosum
518 2221 692 2263 bestiale
728 2223 950 2263 numerari.
1003 2224 1073 2263 sed
1105 2222 1208 2263 haec
1237 2221 1281 2263 in
1312 2222 1478 2263 laudem
1508 2224 1626 2263 tuam
1657 2233 1753 2274 sug-

247 2290 384 2342 gestui
423 2291 533 2340 sunt,
574 2291 670 2344 quia
710 2291 745 2332 si
785 2291 906 2332 multi
951 2302 1126 2344 quorum
1163 2292 1209 2332 tu
1248 2302 1290 2332 es
1332 2290 1565 2332 studiorum
1606 2289 1753 2343 forent,
1769 2309 1803 2335 30

317 2494 339 2528 3
371 2492 610 2528 adscribemus
634 2494 777 2538 scripsi,
815 2494 1024 2529 ascribimus
1048 2494 1087 2528 E
1207 2493 1229 2527 4
1254 2496 1379 2527 nature
1405 2504 1422 2527 e
1448 2493 1488 2527 E
1605 2493 1627 2528 8
1658 2504 1756 2539 cape·

249 2550 397 2585 scendae
434 2551 474 2585 Ε
616 2552 659 2586 10
695 2551 948 2596 phylosophiae
983 2551 1023 2586 Ε
1174 2551 1215 2585 12
1252 2551 1338 2595 sese]
1376 2561 1449 2584 esse
1486 2550 1665 2585 Bazuzius

249 2608 414 2652 egiptum
447 2608 487 2642 E
623 2608 666 2643 13
698 2608 932 2643 brachmanos
963 2607 1112 2652 scripsi,
1155 2608 1368 2652 bragmanos
1398 2608 1438 2642 E
1573 2608 1755 2652 pytagori-

248 2676 368 2699 carum
393 2665 433 2699 E
563 2665 606 2699 14
630 2676 690 2710 per
714 2666 846 2700 inclusi
975 2666 1017 2700 18
1042 2665 1234 2709 epytaphio
1259 2665 1301 2699 Ε
1424 2664 1466 2698 21
1493 2663 1756 2699 ammirabilius

247 2722 289 2757 E
426 2722 470 2757 26
495 2722 707 2757 rethoricam
731 2722 772 2757 Ε
907 2722 951 2757 28
975 2721 1244 2767 phylosophiam
1270 2723 1311 2756 E
1439 2724 1546 2765 atque
1570 2723 1677 2757 uncis
1700 2723 1756 2756 in-

246 2779 338 2815 clusi
